"keyword","category","title","price","savings","percent","link","imageUrl","page"
"air pods","Audio","Wireless Earbuds, Bluetooth Ear Buds 5.3 Mini HiFi Stereo with 4 ENC Noise Cancelling Mics Wireless Headphones, in Ear Earphones 48H IP7 Waterproof, LED, USB C, Sports Bluetooth Earbuds Rose Gold","$13.99","$146.00 (91%)","91","https://www.amazon.ca/dp/B0DZX3D6Q9?tag=lesdealsduw02-20&linkCode=osi&th=1&psc=1","https://m.media-amazon.com/images/I/41VKMGq7vlL._SL500_.jpg","2"
"fitness watch","Wearables","Smart Watch for Men Women, Bluetooth Calling, 1.83"" HD Touch Screen Fitness Tracker, 24/7 Heart Rate & Sleep Monitor, 100+ Sports Modes, IP68 Waterproof, DIY Dial, Compatible with Android & iOS","$24.99","$235.00 (90%)","90","https://www.amazon.ca/dp/B0F83F6942?tag=lesdealsduw02-20&linkCode=osi&th=1&psc=1","https://m.media-amazon.com/images/I/41N+26EeNML._SL500_.jpg","2"
"apple smartwatch","Wearables","Smart Watch for Men Women, Bluetooth Call Smartwatch with AI Voice, 1.85"" HD DIY Dial Fitness Watch, Heart Rate/SpO2/Steps/Sleep Monitor, 100+ Sports Modes, IP68 Waterproof Watch for Android iOS","$39.99","$260.00 (87%)","87","https://www.amazon.ca/dp/B0F1F587M1?tag=lesdealsduw02-20&linkCode=osi&th=1&psc=1","https://m.media-amazon.com/images/I/51Rdx8VBhpL._SL500_.jpg","1"
"apple smartwatch","Wearables","Smart Watch for Men Women Bluetooth Call, 1.85"" HD Touch Screen AI Voice Smartwatch, Fitness Tracker with Sleep/Heart Rate Monitor, 100+ Sports Modes, IP68 Waterproof, Compatible with Android & iOS","$39.99","$260.00 (87%)","87","https://www.amazon.ca/dp/B0F2SVV5JM?tag=lesdealsduw02-20&linkCode=osi&th=1&psc=1","https://m.media-amazon.com/images/I/41x4Inf1LFL._SL500_.jpg","2"
"webcam","Computers & Laptops","TRAUSI HD Webcam with Microphone, Noise Cancellation, Privacy Cover, Wide-Angle Lens, Auto Light Correction, Plug & Play USB Webcam for Laptop, Desktop, PC, Mac, Zoom, Skype, Streaming (1080P, Black)","$28.99","$171.00 (86%)","86","https://www.amazon.ca/dp/B0F2DH2263?tag=lesdealsduw02-20&linkCode=osi&th=1&psc=1","https://m.media-amazon.com/images/I/41HqcvLcxqL._SL500_.jpg","1"
"fitness tracker","Wearables","Smart Watch for Men Women with Bluetooth Call, 1.83"" HD Touch with Alexa, IP68 Waterproof, 120+ Sports, 24/7 Heart Rate/Sleep Tracker for iPhone Android (Black)","$29.99","$170.00 (85%)","85","https://www.amazon.ca/dp/B0FDFKXVLJ?tag=lesdealsduw02-20&linkCode=osi&th=1&psc=1","https://m.media-amazon.com/images/I/41d-p-q4WsL._SL500_.jpg","1"
"fitness watch","Wearables","STECEi Smart Watch for Men Women (Blutooth Calls) 1.95"" HD Curved Screen Fitness Watch with Heart Rate/Sleep Monitor, 110+ Sport Modes Smartwatch, Activity Trackers IP68 Waterproof, Black","$26.99","$133.00 (83%)","83","https://www.amazon.ca/dp/B0F8QQDGQ5?tag=lesdealsduw02-20&linkCode=osi&th=1&psc=1","https://m.media-amazon.com/images/I/41i07XYNORL._SL500_.jpg","2"
"deals","General","STECEi Wireless Earbuds 75hrs Bluetooth 5.4 Headphone Sport, Bluetooth Earbuds HiFi Stereo Over Ear Bud with Earhooks, ENC Noise Cancelling Mic, IP7 Waterproof Wireless Earphone for Workout/Running","$28.49","$131.50 (82%)","82","https://www.amazon.ca/dp/B0DQ4QMTC8?tag=lesdealsduw02-20&linkCode=osi&th=1&psc=1","https://m.media-amazon.com/images/I/41YbFHpgpNL._SL500_.jpg","2"
"air pods","Audio","Wireless Earbuds, Bluetooth 5.4 Headphones HiFi Stereo, 2025 Wireless Earphones with 4 ENC Noise Cancelling Mics, 40H Playtime Ear Buds with LED Display, IP7 Waterproof Bluetooth Earbuds USB-C Charge","$29.99","$130.00 (81%)","81","https://www.amazon.ca/dp/B0FFMZ5KYC?tag=lesdealsduw02-20&linkCode=osi&th=1&psc=1","https://m.media-amazon.com/images/I/417xLpPxs6L._SL500_.jpg","2"
"fitness watch","Wearables","Csasan Smart Watch for Men Women Answer/Make Call, 1.91"" HD Touch Smartwatch Sleep/Heart Rate/Steps Monitor, 110+ Sports Fitness Watch, IP68 Waterproof Tracker Watch for Android iOS, Black","$29.99","$130.00 (81%)","81","https://www.amazon.ca/dp/B0FCRKYYRQ?tag=lesdealsduw02-20&linkCode=osi&th=1&psc=1","https://m.media-amazon.com/images/I/51kVfWYWSKL._SL500_.jpg","1"
"wireless earbuds","Audio","Wireless Earbuds, Bluetooth Ear Buds 5.4 Mini HiFi Stereo with 4 ENC Noise Cancelling Mics Wireless Headphones, in Ear Earphones 40H IP7 Waterproof, USB C, Bluetooth Earbuds for Sports, Gym, Workout","$29.99","$130.00 (81%)","81","https://www.amazon.ca/dp/B0F1MH63S5?tag=lesdealsduw02-20&linkCode=osi&th=1&psc=1","https://m.media-amazon.com/images/I/41W1XhBrfQL._SL500_.jpg","2"
"air pods","Audio","Wireless Earbuds, Bluetooth Headphones 5.4 HiFi Stereo, Wireless Earphones with ENC Noise Cancelling Mic, IP7 Waterproof in Ear Headphones, LED Digital Display Ear Buds, Touch Control, Black","$29.99","$120.00 (80%)","80","https://www.amazon.ca/dp/B0DG24GS39?tag=lesdealsduw02-20&linkCode=osi&th=1&psc=1","https://m.media-amazon.com/images/I/415E91O8VCL._SL500_.jpg","1"
"apple smartwatch","Wearables","Smart Watch for Men Women, Bluetooth Calling, 1.83"" HD Touch Screen Fitness Tracker, 100+ Sports Modes,Heart Rate Sleep Monitor， DIY Dial, IP68 Waterproof, Compatible with Android & iOS","$49.99","$200.00 (80%)","80","https://www.amazon.ca/dp/B0F43L98X4?tag=lesdealsduw02-20&linkCode=osi&th=1&psc=1","https://m.media-amazon.com/images/I/414tx8mCAxL._SL500_.jpg","1"
"apple watch","Wearables","Smart Watch for Men Women, Bluetooth Calling, 1.85"" HD Touch Screen Fitness Tracker, 140+ Sports Modes, Heart Rate Sleep Monitor, DIY Dial, IP68 Waterproof, Compatible with Android & iOS","$49.99","$200.00 (80%)","80","https://www.amazon.ca/dp/B0FF5347S4?tag=lesdealsduw02-20&linkCode=osi&th=1&psc=1","https://m.media-amazon.com/images/I/41qGiv7A8uL._SL500_.jpg","2"
"black friday deals","Events","Wireless Earbuds, 50H Bluetooth 5.4 Headphones Sport, Bluetooth Earbuds with ENC Noise Canceling, HiFi Stereo Sound Wireless Earphones with Earhooks, IP7 Waterproof Ear Buds for Sports/Workout/Running","$31.99","$128.00 (80%)","80","https://www.amazon.ca/dp/B0D5VJLJGS?tag=lesdealsduw02-20&linkCode=osi&th=1&psc=1","https://m.media-amazon.com/images/I/51EvFnqPj7L._SL500_.jpg","2"
"fitness tracker","Wearables","Smart Watch for Men Women, Bluetooth Calling, 1.83"" HD Touch Screen Fitness Tracker, 100+ Sports Modes, Heart Rate Sleep Monitor, DIY Dial, IP68 Waterproof, Compatible with Android & iOS","$49.99","$200.00 (80%)","80","https://www.amazon.ca/dp/B0F4839SDF?tag=lesdealsduw02-20&linkCode=osi&th=1&psc=1","https://m.media-amazon.com/images/I/41RHpB37efL._SL500_.jpg","1"
"portable charger","Power & Chargers","Power-Bank-Portable-Charger - 40000mAh Power Bank Support PD 30W and QC4.0 Fast Charging wiht Built-in 2 Output Cable and LED Display for iPhone and Android Phones and Most Electronic Devices","$39.99","$160.00 (80%)","80","https://www.amazon.ca/dp/B0D9VTNTGL?tag=lesdealsduw02-20&linkCode=osi&th=1&psc=1","https://m.media-amazon.com/images/I/41p4mhaIlhL._SL500_.jpg","2"
"portable speaker","Audio","Vanzon V40 Bluetooth Speakers,Wireless Portable Bluetooth Speaker, IPX7 Waterproof Speaker with 24W Stereo Sound and 24H Playtime,TWS Dual Pairing Bluetooth 5.0 Speaker for Home/Outdoor","$39.98","$160.01 (80%)","80","https://www.amazon.ca/dp/B0FHWQV11G?tag=lesdealsduw02-20&linkCode=osi&th=1&psc=1","https://m.media-amazon.com/images/I/51LUEYjyqEL._SL500_.jpg","1"
"power bank","Power & Chargers","Portable Charger Power Bank 40000mAh Portable Charger 22.5W Fast Charger with 5 Outputs & 2 Inputs LED Display Equipped with Flashlight External Battery Pack for iPhone 16/15/14, Samsung, Etc","$39.99","$160.00 (80%)","80","https://www.amazon.ca/dp/B0DQG7X2QW?tag=lesdealsduw02-20&linkCode=osi&th=1&psc=1","https://m.media-amazon.com/images/I/31DpOb5kAWL._SL500_.jpg","2"
"smart speaker","Smart Home","Oraolo Portable Bluetooth Speaker, Wireless Speaker with 24W Loud Stereo Sound, RGB Lights, TWS Pairing, Bluetooth 5.4, Support AUX/TF Card, IPX6 Waterproof Outdoor Speaker for Party Camping Home","$39.98","$160.01 (80%)","80","https://www.amazon.ca/dp/B0F1Y31WFB?tag=lesdealsduw02-20&linkCode=osi&th=1&psc=1","https://m.media-amazon.com/images/I/51fyvyafCpL._SL500_.jpg","2"
"air purifier","Home","MORENTO Air Purifiers for Bedroom Home Large Room up to 1076 Sq Ft PM 2.5 Display Air Quality Sensor True HEPA Air Filter Remove the Pet Hair with Double-sided Air Inlet, 24db, White, 1 Pack","$119.99","$455.96 (79%)","79","https://www.amazon.ca/dp/B0C1MPDTG7?tag=lesdealsduw02-20&linkCode=osi&th=1&psc=1","https://m.media-amazon.com/images/I/51yNueSbnwL._SL500_.jpg","1"
"earphones","Audio","ZYHKON Wireless Earbuds Bluetooth 5.4 in Ear Touch Screen Sleep Earbuds, Small Design Mini Sleep Headphones for Side Sleepers with Sleep Mode, 48H Playtime Earphones Clear Calls, 5 EQ Modes, Black","$41.99","$158.00 (79%)","79","https://www.amazon.ca/dp/B0F9Y2DR8M?tag=lesdealsduw02-20&linkCode=osi&th=1&psc=1","https://m.media-amazon.com/images/I/41Ivt0CR7pL._SL500_.jpg","2"
"electronics","Other Tech","Portable-Charger-Power-Bank - 40000mAh Power Bank PD 30W and QC 4.0 Quick Charging Built-in Bright Flashlight LED Display 2 USB 1Type-C Output for Most Electronic Devices on The Market (Matte Black)","$42.49","$157.50 (79%)","79","https://www.amazon.ca/dp/B0D9VSC8RT?tag=lesdealsduw02-20&linkCode=osi&th=1&psc=1","https://m.media-amazon.com/images/I/31sL-3hMhdL._SL500_.jpg","1"
"apple smartwatch","Wearables","Smart Watch for Men Women, 1.27"" HD Touchscreen Fitness Tracker, Bluetooth Calling, 100+ Sports Modes, Heart Rate Sleep Monitor, DIY Dial, IP68 Waterproof, Compatible with Android & iOS","$90.99","$309.00 (77%)","77","https://www.amazon.ca/dp/B0F4WHQ7FN?tag=lesdealsduw02-20&linkCode=osi&th=1&psc=1","https://m.media-amazon.com/images/I/416+GjXJBCL._SL500_.jpg","1"
"fitness watch","Wearables","Smart Watch for Men Women with Bluetooth Call,Alexa Built-in Smartwatch,1.83"" DIY Dial Fitness Watch with Sleep Heart Rate SpO2 Monitor,100+ Sport Mode,IP68 Waterproof Watch Compatible with Android","$29.99","$100.00 (77%)","77","https://www.amazon.ca/dp/B0D7CLX7DM?tag=lesdealsduw02-20&linkCode=osi&th=1&psc=1","https://m.media-amazon.com/images/I/41Rq34CLsfL._SL500_.jpg","2"
"portable charger","Power & Chargers","RIENOO Portable Charger for iPhone, 5000 mAh Small Power Bank with LED Display, 20W Fast Charging Mini Portable Phone Charger Battery Bank for iPhone 14/14 Pro Max/13/12/XR/8/7/6,White","$19.94","$66.05 (77%)","77","https://www.amazon.ca/dp/B0DHGM624Q?tag=lesdealsduw02-20&linkCode=osi&th=1&psc=1","https://m.media-amazon.com/images/I/31vQTrnDqEL._SL500_.jpg","2"
"Black Friday sale","Events","Wireless Earbuds, Bluetooth Ear Buds 5.4 Mini HiFi Stereo with 4 ENC Noise Cancelling Mics Wireless Headphones, 40H in Ear Earphones, USB C, IP7 Waterproof Bluetooth Headphones for Sports, Workout","$38.99","$121.00 (76%)","76","https://www.amazon.ca/dp/B0DG5FVT7D?tag=lesdealsduw02-20&linkCode=osi&th=1&psc=1","https://m.media-amazon.com/images/I/41aMebDzvmL._SL500_.jpg","2"
"robot vacuum","Home","ZCWA Robot Vacuum and Mop Combo,2.4GHz WiFi Link Vacuum Robot,4 Cleaning Mode Robotic Vacuums Cleaner,APP/Remote Aspiradora Robot,Self-Charging Robot Vacuum for Pet Hair,Stains,Carpets,Corner","$164.99","$515.00 (76%)","76","https://www.amazon.ca/dp/B0CW699223?tag=lesdealsduw02-20&linkCode=osi&th=1&psc=1","https://m.media-amazon.com/images/I/41rAgVRd4rL._SL500_.jpg","1"
"boxing","Sports & Fitness","Music Boxing Machine for Adults & Kids - Smart Punching Machine with Boxing Gloves, Wall Boxing Punching Pad for Home, Office, Gym (Upgraded Version)","$76.49","$233.50 (75%)","75","https://www.amazon.ca/dp/B0DNT1F5D5?tag=lesdealsduw02-20&linkCode=osi&th=1&psc=1","https://m.media-amazon.com/images/I/51UT-bPIewL._SL500_.jpg","2"
"portable charger","Power & Chargers","GTOCE Portable Charger,40000mAh Power Bank with 22.5W Fast Charging LED Digital Display Battery Pack with 6 Outputs 2 Inputs, Type C Powerbank Portable Charger for iPhone Samsung AirPods etc,Black","$37.99","$112.00 (75%)","75","https://www.amazon.ca/dp/B0DHGBR9LY?tag=lesdealsduw02-20&linkCode=osi&th=1&psc=1","https://m.media-amazon.com/images/I/41oWjwgXHRL._SL500_.jpg","1"
"swimming","Sports & Fitness","Swimming Ear Plugs, 3 Pairs Great Waterproof Ultra Comfy Earplugs, Reusable Silicone Ear Plugs for Swimming Surfing Snorkeling and Other Water Sports (Adults & Teens 14+) (Multicolored 1, 3 Pair (Pack of 1))","$6.47","$19.52 (75%)","75","https://www.amazon.ca/dp/B09ZTRP3SH?tag=lesdealsduw02-20&linkCode=osi&th=1&psc=1","https://m.media-amazon.com/images/I/41hDEtW8tPL._SL500_.jpg","1"
"wifi extender","Networking & Connectivity","WiFi Extender Signal Booster - Up to 9860 Sq.Ft Coverage, Dual Band 2.4GHz & 5GHz Internet Boosters, Easy Setup, Eliminate Dead Zones for Home, Office, Repeater (White-1200)","$49.99","$150.00 (75%)","75","https://www.amazon.ca/dp/B0F6JV87HW?tag=lesdealsduw02-20&linkCode=osi&th=1&psc=1","https://m.media-amazon.com/images/I/31pFcnIaFEL._SL500_.jpg","2"
"air purifier","Home","2 Pack CHIVALZ Air Purifiers for Bedroom, Air Purifiers for Home Bedroom, Quiet Air Cleaner with 24dB Sleep Mode, True HEPA Filter for Pet, White","$88.98","$258.01 (74%)","74","https://www.amazon.ca/dp/B0C9ZV8FFD?tag=lesdealsduw02-20&linkCode=osi&th=1&psc=1","https://m.media-amazon.com/images/I/51hFuIFV6PL._SL500_.jpg","2"
"air purifier","Home","MORENTO Smart Air Purifier for home Large Rooms up to 1076 ft², Wi-Fi and Alexa compatible, PM2.5 Air Quality Display, Auto Mode, Quiet Mode 24dB, HEPA Filter Removes Dust, Pollen, Smoke (White)","$159.99","$462.01 (74%)","74","https://www.amazon.ca/dp/B0CMTMJ5TV?tag=lesdealsduw02-20&linkCode=osi&th=1&psc=1","https://m.media-amazon.com/images/I/51XXuiiY2HL._SL500_.jpg","2"
"vacuum cleaner","Home","80,000PRM Motor Cordless Vacuum for Home, Vacuum Cleaner with 2 Adjustable Modes, 2200mAH Battery Max 35 Mins Runtime, and Washable Parts Stick Vacuum (Tender White)","$149.99","$420.00 (74%)","74","https://www.amazon.ca/dp/B0FBFM2GXB?tag=lesdealsduw02-20&linkCode=osi&th=1&psc=1","https://m.media-amazon.com/images/I/31EpuhkNVcL._SL500_.jpg","2"
"boxing","Sports & Fitness","LOLBOX Music Boxing Machine for Adults and Kids,Bluetooth Music Punching Machine with Gloves,Wall Target Punching Workout for Men Women,Reflex Training Suitable for Home,Office,Gym","$109.99","$290.00 (73%)","73","https://www.amazon.ca/dp/B0DXCSH5Y6?tag=lesdealsduw02-20&linkCode=osi&th=1&psc=1","https://m.media-amazon.com/images/I/51iDe6AMWAL._SL500_.jpg","2"
"boxing","Sports & Fitness","2025 Upgraded Music Boxing Machine for Adults & Kids - Wall-Mounted Smart Punching Target with Boxing Gloves, Home Gym & Office Training Equipment (Latest Model),Charcoal Gray","$89.99","$220.00 (71%)","71","https://www.amazon.ca/dp/B0DNSYK49X?tag=lesdealsduw02-20&linkCode=osi&th=1&psc=1","https://m.media-amazon.com/images/I/5102H3MKgeL._SL500_.jpg","1"
"cycling","Sports & Fitness","Monster Blaster Micro Wearable Bluetooth Speaker, Clip-on Wireless Speaker for Hands-Free Calls and Music, Small Portable Speaker for Workout, Cycling, Running, TWS Pairing, IPX7 Waterproof, Blue","$39.98","$100.01 (71%)","71","https://www.amazon.ca/dp/B0DG2KPZGB?tag=lesdealsduw02-20&linkCode=osi&th=1&psc=1","https://m.media-amazon.com/images/I/517E9EtRANL._SL500_.jpg","2"
"black friday deals","Events","Wireless Earbuds, Bluetooth 5.4 Headphones Sport, LED Display Bluetooth Earbuds with ENC Noise Canceling Mic, 50H Stereo Wireless Headphones with Earhooks, IP7 Waterproof Ear Buds for Running/Workout","$29.99","$70.00 (70%)","70","https://www.amazon.ca/dp/B0D148MVKP?tag=lesdealsduw02-20&linkCode=osi&th=1&psc=1","https://m.media-amazon.com/images/I/511qvZnshXL._SL500_.jpg","2"
"ethernet cable","Networking & Connectivity","Amazon Basics RJ45 Cat-6 Ethernet Patch Internet Cable - 3 Foot (0.9 Meters)","$2.99","$6.99 (70%)","70","https://www.amazon.ca/dp/B00N2VISLW?tag=lesdealsduw02-20&linkCode=osi&th=1&psc=1","https://m.media-amazon.com/images/I/31UfBYUGteL._SL500_.jpg","1"
"golf","Sports & Fitness","Golf Rangefinder with Slope - 1200 Yards Laser Range Finder with Flag Pole Locking Vibration, 7X Magnification rangefinder with Magnet Stripe (White)","$119.98","$280.01 (70%)","70","https://www.amazon.ca/dp/B0DBQKB449?tag=lesdealsduw02-20&linkCode=osi&th=1&psc=1","https://m.media-amazon.com/images/I/41FS76SaZUL._SL500_.jpg","1"
"headphones","Audio","Active Noise Cancelling Headphones for Adults, 120H Playtime Over Ear Headphones Bluetooth Wireless with Mic, Foldable Bluetooth Headphones with Deep Bass, Fast Charging for Home Travel Office","$29.74","$70.25 (70%)","70","https://www.amazon.ca/dp/B0DS5W887R?tag=lesdealsduw02-20&linkCode=osi&th=1&psc=1","https://m.media-amazon.com/images/I/31GIz0OBamL._SL500_.jpg","1"
"noise cancelling headphones","Audio","Monster Persona SE ANC Active Noise Cancelling Headphones, Bluetooth Headphones Over Ear with 60H Playtime, HiFi Stereo Audio, Deep Bass, Wireless Headphone for Home Office","$59.99","$140.00 (70%)","70","https://www.amazon.ca/dp/B0DT17MNT6?tag=lesdealsduw02-20&linkCode=osi&th=1&psc=1","https://m.media-amazon.com/images/I/41nUZeCq-JL._SL500_.jpg","2"
"noise cancelling headphones","Audio","Monster Persona SE ANC Active Noise Cancelling Headphones, Bluetooth Headphones Over Ear with 60H Playtime, HiFi Stereo Audio, Deep Bass, Wireless Headphones for Home Office (Dark Black)","$59.98","$140.01 (70%)","70","https://www.amazon.ca/dp/B0DT15VQMK?tag=lesdealsduw02-20&linkCode=osi&th=1&psc=1","https://m.media-amazon.com/images/I/41nUZeCq-JL._SL500_.jpg","2"
"vacuum cleaner","Home","Cordless Vacuum Cleaner, 80,000 RPM Motor and Power Filtration, Stick Vacuum with 2200 mAh Battery, 35 Mins Worktime, 2 Modes, Rotated Multi-Heads, Height-Adjustable Vacuum for Home (Milk Gray)","$169.99","$400.00 (70%)","70","https://www.amazon.ca/dp/B0F5BCLS8W?tag=lesdealsduw02-20&linkCode=osi&th=1&psc=1","https://m.media-amazon.com/images/I/31MUcev8xiL._SL500_.jpg","2"
"smart speaker","Smart Home","Monster S310 Bluetooth Speaker, Portable Bluetooth Speaker, 30W True Wireless Stereo Pairing Deliver Dynamic Sound, Waterproof Speaker, Bluetooth 5.2 Built-in Mic, 24H, for Family Outdoor","$49.99","$102.00 (67%)","67","https://www.amazon.ca/dp/B0FB3PQY4M?tag=lesdealsduw02-20&linkCode=osi&th=1&psc=1","https://m.media-amazon.com/images/I/51ffT+I6dGL._SL500_.jpg","2"
"air pods","Audio","Wireless Earbuds, Bluetooth 5.3 Headphones HiFi Stereo, Mini in-Ear Bluetooth Earbuds, Wireless Earphones with 4 ENC Noise Cancelling Mic, IP7 Waterproof, LED Display, Touch Control Ear Buds, White","$23.99","$46.00 (66%)","66","https://www.amazon.ca/dp/B0CBWN2S86?tag=lesdealsduw02-20&linkCode=osi&th=1&psc=1","https://m.media-amazon.com/images/I/31GJVwVqEBL._SL500_.jpg","2"
"portable charger","Power & Chargers","Portable-Charger-Power-Bank - 2 Pack 15000mAh Dual USB Power Bank Output 5V3.1A Fast Charger Portable Charger Compatible with Smartphones and All USB Devices (Deep Black and White)","$34.19","$65.80 (66%)","66","https://www.amazon.ca/dp/B0C9J7FLQS?tag=lesdealsduw02-20&linkCode=osi&th=1&psc=1","https://m.media-amazon.com/images/I/41LgH9Q-xdL._SL500_.jpg","1"
"vacuum cleaner","Home","MQDXE Cordless Stick Vacuum Cleaner: 550W Powerful Suction, LED Display, 55 Min Runtime, Anti-Tangle Brush, Rechargeable Battery, Lightweight for Home, Pet Hair, Hard Floors, Carpet","$169.99","$330.00 (66%)","66","https://www.amazon.ca/dp/B0DGPLQSYM?tag=lesdealsduw02-20&linkCode=osi&th=1&psc=1","https://m.media-amazon.com/images/I/41KPcBOkzyL._SL500_.jpg","1"
"hair dryer","Beauty & Health","Slopehill Hair Dryer with Unique Brushless Motor | IQ Perfetto | Innovative Microfilter | Oxy Active Technology | Led Display (Gray)","$69.98","$130.01 (65%)","65","https://www.amazon.ca/dp/B08HRQG2M6?tag=lesdealsduw02-20&linkCode=osi&th=1&psc=1","https://m.media-amazon.com/images/I/41mx+JNVhNL._SL500_.jpg","1"
"headphones","Audio","Monster Persona 3rd ANC Active Noise Canceling Headphones, Over-Ear Wireless Bluetooth 5.4 Headphones with 6 Mics, 70H Playtime and 3 EQ Modes, Foldable Comfort Headphone for Travel/Work","$69.99","$130.00 (65%)","65","https://www.amazon.ca/dp/B0DQC5SBGT?tag=lesdealsduw02-20&linkCode=osi&th=1&psc=1","https://m.media-amazon.com/images/I/415Tk4Vr3+L._SL500_.jpg","2"
"mens pants","Mens clothing","PLEPAN Men's Casual Joggers Pants Cotton Drawstring Chino Cargo Pants Hiking Outdoor Twill Track Jogging Sweatpants Dark Khaki Large","$14.00","$25.99 (65%)","65","https://www.amazon.ca/dp/B0D146LY4M?tag=lesdealsduw02-20&linkCode=osi&th=1&psc=1","https://m.media-amazon.com/images/I/41XUQr9+WAL._SL500_.jpg","1"
"car mobile holder","Automotive","3-in-1 Car Phone Holder, [ Off-Road Level Suction Cup & Clip] Universal Cell Phone Holder Mount Dashboard Windshield Vent One-Hand Operation Holder Compatible with All Smartphones and Cars","$17.99","$32.00 (64%)","64","https://www.amazon.ca/dp/B0D5LLR9LN?tag=lesdealsduw02-20&linkCode=osi&th=1&psc=1","https://m.media-amazon.com/images/I/51jcE+iSEsL._SL500_.jpg","1"
"iphone case","Smartphones","elago Compatible with iPhone 14 Case, Liquid Silicone Case, Full Body Protective Cover, Shockproof, Slim Phone Case, Anti-Scratch Soft Microfiber Lining, 6.1 inch (Stone)","$9.07","$15.92 (64%)","64","https://www.amazon.ca/dp/B0B6N2BP9X?tag=lesdealsduw02-20&linkCode=osi&th=1&psc=1","https://m.media-amazon.com/images/I/31aC1f1u4IL._SL500_.jpg","1"
"portable speaker","Audio","Monster MFS 1 Portable Bluetooth Speaker, 40W Bluetooth Speaker Wireless, Outdoor Speakers with Handle, 12H Playtime, Supports TF Card, AUX, USB for Outdoor Indoor","$49.99","$90.00 (64%)","64","https://www.amazon.ca/dp/B0DCB7MR5J?tag=lesdealsduw02-20&linkCode=osi&th=1&psc=1","https://m.media-amazon.com/images/I/51TbV6h+uNL._SL500_.jpg","2"
"laptop","Computers & Laptops","15.6 Inch Laptop with Office 365, 4GB RAM, 128GB Storage Expandable 1TB, 5205U Processor, HD Display, Windows 11 Laptops Computer, Wi-Fi 5, BT4.2, Numpad, Type-C, for Business and Students.","$299.99","$500.00 (63%)","63","https://www.amazon.ca/dp/B0F9KL7QZ1?tag=lesdealsduw02-20&linkCode=osi&th=1&psc=1","https://m.media-amazon.com/images/I/41ouRkYc93L._SL500_.jpg","1"
"apple products","Smartphones","Metapen A8 Pencil for iPad 2018-2025, 4Min Fast Charge, Palm Rejection, Tilt Sensitivity Stylus Pen for iPad 10th 11/9/8/7/6, iPad Accessories for Pro 12.9/11/13"", iPad Air 3/4/5/M2/M3, iPad mini 5/6","$18.97","$31.02 (62%)","62","https://www.amazon.ca/dp/B09ZTXVNVD?tag=lesdealsduw02-20&linkCode=osi&th=1&psc=1","https://m.media-amazon.com/images/I/212wLzsvuSL._SL500_.jpg","2"
"cycling","Sports & Fitness","The Art of Cycling: Philosophy, Meaning, and a Life on Two Wheels","$14.50","$24.11 (62%)","62","https://www.amazon.ca/dp/1639364234?tag=lesdealsduw02-20&linkCode=osi&th=1&psc=1","https://m.media-amazon.com/images/I/51xCOii0pFL._SL500_.jpg","1"
"fitness watch","Wearables","Smart Watch for Men Women, IP68 Waterproof, Bluetooth Calling, Fitness Tracker, Sleep Monitoring, 1.85'' DIY Dial, AI Built-in, 100+ Sports Modes, 7 Days Battery, Compatible with Android & iPhones","$49.99","$80.00 (62%)","62","https://www.amazon.ca/dp/B0DL5W34XP?tag=lesdealsduw02-20&linkCode=osi&th=1&psc=1","https://m.media-amazon.com/images/I/41buFiNIxFL._SL500_.jpg","2"
"student tablet","Computers & Laptops","SGIN 10.1 Inch Tablet, 4GB RAM 128GB ROM, Android 13 Tablets, Octa-Core 2.0Ghz Processor, 1280 * 800 IPS Screen, 2MP+8MP Camera, 6000mAh, WiFi, Bluetooth 5.0 (Grey)","$139.99","$230.00 (62%)","62","https://www.amazon.ca/dp/B0F7LM87CP?tag=lesdealsduw02-20&linkCode=osi&th=1&psc=1","https://m.media-amazon.com/images/I/510MH7eWR3L._SL500_.jpg","1"
"electric bike","Sports & Fitness","Electric Bike for Adults, 2000W Fat Tire Ebike 30MPH Dual Motor Electric Bike with Removable 48v 20.8ah Lithium Battery, 7 Speed Off Road Beach Mountain E Bikes for Adults with Dual Hydraulic Disc","$488.00","$761.00 (61%)","61","https://www.amazon.ca/dp/B0FH6JH77L?tag=lesdealsduw02-20&linkCode=osi&th=1&psc=1","https://m.media-amazon.com/images/I/51OPIBGJ7QL._SL500_.jpg","1"
"facial steamer","Beauty & Health","Facial Steamer EZBASICS Ionic Face Steamer for Home Facial, Warm Mist Humidifier Atomizer for Face Sauna Spa Sinuses Moisturizing, Unclogs Pores, Bonus Stainless Steel Skin Kit Pink","$39.99 ($39.99 / count)","$62.01 (61%)","61","https://www.amazon.ca/dp/B0835669M4?tag=lesdealsduw02-20&linkCode=osi&th=1&psc=1","https://m.media-amazon.com/images/I/41TJRMdyq0L._SL500_.jpg","1"
"fitness tracker","Wearables","Fitness Tracker (Answer/Dial Call), Smart Watch with 1.47"" HD Touch Display, 130+ Sport Modes Activity Tracker with Sleep Monitor, IP68 Waterproof Tracker for Android&iPhone Women Men","$34.99","$55.00 (61%)","61","https://www.amazon.ca/dp/B0FL2M4R2N?tag=lesdealsduw02-20&linkCode=osi&th=1&psc=1","https://m.media-amazon.com/images/I/4144pohcyzL._SL500_.jpg","2"
"apple smartwatch","Wearables","Smart Watch for Men Women 1.8"" Fitness Tracker, Bluetooth Call, DIY Dial, Heart Rate Sleep Blood Oxygen Monitor, 100+ Sports Modes, IP68 Waterproof Smartwatch for Android iPhone, Alexa Built-in","$39.99","$60.00 (60%)","60","https://www.amazon.ca/dp/B0D4V8VXVZ?tag=lesdealsduw02-20&linkCode=osi&th=1&psc=1","https://m.media-amazon.com/images/I/41wtLDwFJhL._SL500_.jpg","1"
"hdmi cable","Other Tech","HDMI Cable 6.6feet(2meter), 4K HDMI Lead-Snowkids HDMI Cable 4K@60Hz, 3D Support, Ethernet Function, Video 4K UHD 2160p, HD 1080p, 3D - (for Fire TV, for PS-3/4, for Netfilx)","$7.99","$12.00 (60%)","60","https://www.amazon.ca/dp/B07K7HBZX2?tag=lesdealsduw02-20&linkCode=osi&th=1&psc=1","https://m.media-amazon.com/images/I/41x8BUAEK6L._SL500_.jpg","1"
"humidifier","Home","6L Humidifiers for Bedroom Large Room Home, CHIVALZ Cool Mist Top Fill Humidifier for Baby Nursery and Plants, 26dB Quiet, Nightlight, 50H Runtime, Oil Diffuser, 360° Nozzle Anti-dry Burn White","$47.99","$72.00 (60%)","60","https://www.amazon.ca/dp/B0CYT6GBZ4?tag=lesdealsduw02-20&linkCode=osi&th=1&psc=1","https://m.media-amazon.com/images/I/41YtYJJyYsL._SL500_.jpg","1"
"laptop","Computers & Laptops","SGIN 17.3 Inch Laptop Computer, Windows 11 Laptops with Celeron I3 Processor, 4GB DDR3 128GB SSD Ordinateur Portable, FHD IPS Display, Type-C, HDMI, 5G WiFi, BT4.2, for Business and Students(Black)","$329.99","$495.00 (60%)","60","https://www.amazon.ca/dp/B0FCY3TGSV?tag=lesdealsduw02-20&linkCode=osi&th=1&psc=1","https://m.media-amazon.com/images/I/41VUNzy25ZL._SL500_.jpg","1"
"outdoor rug","Outdoor","Outdoor Rug 5x8 ft Boho Waterproof Outdoor Carpet-Patio RV Deck Camping Rug Portable Boho Rugs for Outdoor Area Rug Picnic Backyard Porch Beach Mat Black & White","$23.74","$36.25 (60%)","60","https://www.amazon.ca/dp/B0DFWFBN8F?tag=lesdealsduw02-20&linkCode=osi&th=1&psc=1","https://m.media-amazon.com/images/I/51NG4FxIV9L._SL500_.jpg","2"
"usb cable","Power & Chargers","Bkayp Apple MFi Certified iPhone Charger 3pack 10FT Long Lightning Cable Fast Charging High Speed Data Sync USB Cable Compatible iPhone 13/12/11 Pro Max/XS MAX/XR/XS/X/8/7/Plus/6S (Grey White)","$15.99","$24.00 (60%)","60","https://www.amazon.ca/dp/B0BPSK5BLT?tag=lesdealsduw02-20&linkCode=osi&th=1&psc=1","https://m.media-amazon.com/images/I/41NSbXCD7ML._SL500_.jpg","1"
"laptop","Computers & Laptops","Jumper 16 Inch Laptop, 4GB RAM 128GB Storage Expandable 1TB, Office 365 1-Year Subscription, 5305U Processor, 1200p IPS FHD Display, Windows 11 Computer with Stereo Speakers, HDMI, WiFi-5.","$329.99","$470.00 (59%)","59","https://www.amazon.ca/dp/B0FH45J481?tag=lesdealsduw02-20&linkCode=osi&th=1&psc=1","https://m.media-amazon.com/images/I/41kGGAN9r8L._SL500_.jpg","1"
"kindle","Computers & Laptops","Amazon Kindle Scribe (32 GB) - Now write directly on books and documents. A Kindle and notebook, all in one. Includes Premium Pen.","$203.64","$276.35 (58%)","58","https://www.amazon.ca/dp/B09BSQ365J?tag=lesdealsduw02-20&linkCode=osi&th=1&psc=1","https://m.media-amazon.com/images/I/41s7wWlioRL._SL500_.jpg","1"
"microphone","Music","3-in-1 Professional Wireless Lavalier Microphone for iPhone, Android, Camera – 328ft Range, 20H Battery, Wireless Microphones, Noise Canceling for Recording, Live Streaming, YouTube, TikTok","$99.99","$140.00 (58%)","58","https://www.amazon.ca/dp/B0DY7KWX7L?tag=lesdealsduw02-20&linkCode=osi&th=1&psc=1","https://m.media-amazon.com/images/I/41pjwdkBq3L._SL500_.jpg","1"
"projector","Cameras & Photography","[360°Rotation Stand] Mini Projector Bluetooth 5.2 & WiFi 6: Electric Focus+Auto Keystone, 1080P Portable Projector, Zoom, Lisowod Smart Projector, Outdoor Movie Projecteur for TV Stick/PS5/HDMI/Phone","$101.69","$138.30 (58%)","58","https://www.amazon.ca/dp/B0D2R95KQR?tag=lesdealsduw02-20&linkCode=osi&th=1&psc=1","https://m.media-amazon.com/images/I/31VK-diJ2AL._SL500_.jpg","2"
"vitamins","Beauty & Health","Jamieson Chewable Vitamin D3 1,000 IU Natural Tangy Orange Flavour, Supports Immune Health, Strong Bones and Teeth. Vegetarian, Non-GMO, Gluten-Free, No Artificial Flavours or Colours, 100 Count, Proudly Canadian","$2.50 ($0.02 / count)","$3.49 (58%)","58","https://www.amazon.ca/dp/B00BMTIWRQ?tag=lesdealsduw02-20&linkCode=osi&th=1&psc=1","https://m.media-amazon.com/images/I/418V1TRBShL._SL500_.jpg","2"
"led lamp","Home","Tyute Corner Floor Lamp, RGB LED Corner Lamp with Music Sync, Smart App and Remote Control Color Changing Ambience Light, LED Lamp with 16 Million Colors for Bedroom, Living Room Gaming Room","$25.99","$34.00 (57%)","57","https://www.amazon.ca/dp/B0DZCHVRBC?tag=lesdealsduw02-20&linkCode=osi&th=1&psc=1","https://m.media-amazon.com/images/I/41iT0mminaL._SL500_.jpg","1"
"memory foam pillow","Home","Mkicesky Orthopedic Memory Foam Pillow for Neck Shoulder Pain Relief - Ergonomic Neck Support Sleeping Pillow for Side, Back & Stomach Sleepers - Cervical Bed Pillow with Cooling Cover-Reading Pillow","$43.31","$56.68 (57%)","57","https://www.amazon.ca/dp/B08FJ9737F?tag=lesdealsduw02-20&linkCode=osi&th=1&psc=1","https://m.media-amazon.com/images/I/41BgNWpahAL._SL500_.jpg","1"
"portable charger","Power & Chargers","VEGER Portable Charger with Built in Removable Cable for iPhone, 20W Fast Charging Slim Power Bank, 10000mAh USB C Battery Pack Travel Essential Compatible with iPhone, Android, Apple Watch-White","$12.99","$17.00 (57%)","57","https://www.amazon.ca/dp/B0DDPCZV5Z?tag=lesdealsduw02-20&linkCode=osi&th=1&psc=1","https://m.media-amazon.com/images/I/31WD8qr7lxL._SL500_.jpg","2"
"student tablet","Computers & Laptops","Tablet 10 Inch,Android 15 Tablet,Gemini AI 2.0 Android Tablets|12GB RAM+128GB ROM(TF 2TB)|5G WiFi|120Hz|6000mAh Fast Charging|1080P HD|Bluetooth 5.0|Smart Lens|GPS|2-Year Warranty-Grey","$107.99","$142.00 (57%)","57","https://www.amazon.ca/dp/B0FCF2W8PV?tag=lesdealsduw02-20&linkCode=osi&th=1&psc=1","https://m.media-amazon.com/images/I/51RZwXGlomL._SL500_.jpg","1"
"water bottle","Home","Contigo Streeterville Tumbler, 40 oz (1.18 L), Insulated Stainless Steel Water Bottle with Straw and Leak-Proof Lid, Inky Cap","$19.99","$27.00 (57%)","57","https://www.amazon.ca/dp/B0CXVKC3MD?tag=lesdealsduw02-20&linkCode=osi&th=1&psc=1","https://m.media-amazon.com/images/I/31FQbo7X3CL._SL500_.jpg","1"
"fitness tracker","Wearables","IMFRCHCS Fitness Tracker,Smart Watch with 1.47"" Touch Display,137+Sport Modes Fitness Watch with Heart Rate Sleep Monitor, Step Counter,IP68 Waterproof Activity Trackers for Women Men","$39.98","$50.01 (56%)","56","https://www.amazon.ca/dp/B0FGXG32XJ?tag=lesdealsduw02-20&linkCode=osi&th=1&psc=1","https://m.media-amazon.com/images/I/41frVb0YZoL._SL500_.jpg","2"
"air pods","Audio","JBL Vibe Beam - True Wireless Earbuds - Black","$44.99","$54.99 (55%)","55","https://www.amazon.ca/dp/B0BQPNMXQV?tag=lesdealsduw02-20&linkCode=osi&th=1&psc=1","https://m.media-amazon.com/images/I/31S4tOQj4SL._SL500_.jpg","2"
"outdoor rug","Outdoor","Outdoor Rug 5x8 ft Outdoor Carpet Waterproof Patio Rugs-Fashion Reversible Outdoor Plastic Straw Camping Rug Carpet for Patio Camping Rv Picnic Backyard Deck Balcony Beach Rug,Grey & Black","$24.99","$30.00 (55%)","55","https://www.amazon.ca/dp/B0DFPGZ5TH?tag=lesdealsduw02-20&linkCode=osi&th=1&psc=1","https://m.media-amazon.com/images/I/51cJiwMFMIL._SL500_.jpg","1"
"power strip","Power & Chargers","Amazon Basics Rectangular 6-Outlet, 200 Joule Surge Protector Power Strip with Circuit Breaker, 2 Foot Cord Length, White - Pack of 2","$17.09","$20.90 (55%)","55","https://www.amazon.ca/dp/B00TP1BWMK?tag=lesdealsduw02-20&linkCode=osi&th=1&psc=1","https://m.media-amazon.com/images/I/41ebAT4mpML._SL500_.jpg","2"
"printer","Computers & Laptops","POLONO Portable Printer, D810 Inkless Bluetooth Thermal Printer Wireless for Travel, Compatible with iOS, Android, Laptop, Supports 8.5""x11"" US Letter for Office, Car, Home, Black","$89.99","$110.00 (55%)","55","https://www.amazon.ca/dp/B0FHQ1CYZH?tag=lesdealsduw02-20&linkCode=osi&th=1&psc=1","https://m.media-amazon.com/images/I/518FP+8TraL._SL500_.jpg","2"
"usb-c hub","Computers & Laptops","Anker USB C Hub, PowerExpand 8-in-1 USB C Adapter, with 100W Power Delivery, 4K 60Hz HDMI Port, 10Gbps USB C and 2 USB A Data Ports, Ethernet Port, microSD and SD Card Reader, for MacBook Pro and More","$44.99","$55.00 (55%)","55","https://www.amazon.ca/dp/B087QZVQJX?tag=lesdealsduw02-20&linkCode=osi&th=1&psc=1","https://m.media-amazon.com/images/I/31TLZ+PBmZL._SL500_.jpg","2"
"wireless router","Networking & Connectivity","NETGEAR Nighthawk WiFi 6 Router (RAX50) 6-Stream Gigabit Router, AX5400 Dual-Band Wireless Speed (Up to 5.4 Gbps), Coverage Up to 2,500 sq.ft. and 25 Devices","$104.85","$130.14 (55%)","55","https://www.amazon.ca/dp/B0CJKYT2CQ?tag=lesdealsduw02-20&linkCode=osi&th=1&psc=1","https://m.media-amazon.com/images/I/31l+lY0vOfL._SL500_.jpg","2"
"outdoor rug","Outdoor","COCOER Boho Reversible Outdoor Picnic Blanket - 6x9 ft Blue Turquoise Floral Waterproof Plastic Straw Rug for RV Camping, Backyard, Deck","$36.99","$43.00 (54%)","54","https://www.amazon.ca/dp/B0CMQJ4ND5?tag=lesdealsduw02-20&linkCode=osi&th=1&psc=1","https://m.media-amazon.com/images/I/61H5oExLadL._SL500_.jpg","1"
"phone stand","Smartphones","Kaiess 62"" Phone Tripod, Selfie Stick Tripod & Phone Tripod Stand with Remote, Cell Phone Tripod for iPhone, Extendable Travel Tripod Compatible with iPhone/Android/Camera","$27.54","$32.45 (54%)","54","https://www.amazon.ca/dp/B09X1K5WW9?tag=lesdealsduw02-20&linkCode=osi&th=1&psc=1","https://m.media-amazon.com/images/I/416n71DerxL._SL500_.jpg","2"
"streaming device","TV & Video","Amazon Fire TV Stick with Alexa Voice Remote (includes TV controls), HD streaming device","$27.89","$32.10 (54%)","54","https://www.amazon.ca/dp/B08C1TR9X6?tag=lesdealsduw02-20&linkCode=osi&th=1&psc=1","https://m.media-amazon.com/images/I/31GbA7cZJ4L._SL500_.jpg","1"
"air fragrance","Home","Airwick Stick Ups Air Freshener, Sparkling Citrus,Small Space Odor Eliminator, 2 Count","$2.57","$2.92 (53%)","53","https://www.amazon.ca/dp/B00AN5L8DK?tag=lesdealsduw02-20&linkCode=osi&th=1&psc=1","https://m.media-amazon.com/images/I/41ibUD3xuoL._SL500_.jpg","2"
"children toys","Toys & Games","Toys for Girls Boys, Colorful Doodle Board Drawing Tablet, Memo Board, Drawing Pads with Lanyard, Travel Educational Toys Gifts for Boys Girls Age 3 4 5 6 7 8 9 Years (Pink)","$18.19","$20.81 (53%)","53","https://www.amazon.ca/dp/B0B13V1J68?tag=lesdealsduw02-20&linkCode=osi&th=1&psc=1","https://m.media-amazon.com/images/I/41Nl98YBnxL._SL500_.jpg","1"
"electronics","Other Tech","soundcore by Anker Q20i Hybrid Active Noise Cancelling Headphones, Wireless Over-Ear Bluetooth, 40H Long ANC Playtime, Hi-Res Audio, Big Bass, Customize via an App, Transparency Mode, Ideal for Travel","$47.47","$52.52 (53%)","53","https://www.amazon.ca/dp/B0C3HCD34R?tag=lesdealsduw02-20&linkCode=osi&th=1&psc=1","https://m.media-amazon.com/images/I/41jcCpExIzL._SL500_.jpg","2"
"iphone 15 pro max","Smartphones","ESR for iPhone 15 Pro Max Case Compatible with MagSafe, Strong Magnetic Anti-Scratch Shockproof Phone Cover, Classic Series, Clear","$13.59","$15.40 (53%)","53","https://www.amazon.ca/dp/B0CC1F4V7Q?tag=lesdealsduw02-20&linkCode=osi&th=1&psc=1","https://m.media-amazon.com/images/I/41Ajq9jnx9L._SL500_.jpg","2"
"iphone 15 case","Smartphones","elago Compatible with iPhone 15 Case, Liquid Silicone Case, Full Body Protective Cover, Shockproof, Slim Phone Case, Anti-Scratch Soft Microfiber Lining, 6.1 inch (Stone)","$13.99","$16.00 (53%)","53","https://www.amazon.ca/dp/B0CBB7HN82?tag=lesdealsduw02-20&linkCode=osi&th=1&psc=1","https://m.media-amazon.com/images/I/318Ix8CsmyL._SL500_.jpg","1"
"outdoor rug","Outdoor","Outdoor Rug 5x8FT-Outdoor Patio Rug Mat Reversible-Waterproof Fade Resistant RV Camping Mat Rug-Portable Boho Rugs for Deck Picnic Backyard Porch Beach Black & White","$28.49","$31.50 (53%)","53","https://www.amazon.ca/dp/B0BW851R2Z?tag=lesdealsduw02-20&linkCode=osi&th=1&psc=1","https://m.media-amazon.com/images/I/61fVM3WoFLL._SL500_.jpg","2"
"portable charger","Power & Chargers","Anker Portable Charger, Power Bank, 20,000 mAh Battery Pack with PowerIQ Technology and USB-C (Recharging Only) for iPhone 15/15 Plus/15 Pro/15 Pro Max, iPhone 14/13/12 Series, Samsung Galaxy (Black)","$27.99","$32.00 (53%)","53","https://www.amazon.ca/dp/B07S829LBX?tag=lesdealsduw02-20&linkCode=osi&th=1&psc=1","https://m.media-amazon.com/images/I/414Rb3fxOSL._SL500_.jpg","2"
"robot vacuum","Home","Lefant Robot Vacuum Cleaner, Powerful Suction, 120 Min Runtime, 6 Cleaning Modes, Slim, Quiet, Self-Charging, WiFi/App/Alexa Control, Ideal for Pet Hair and Hard Floors(M210 Pro)","$135.99","$154.00 (53%)","53","https://www.amazon.ca/dp/B0DT93GNXL?tag=lesdealsduw02-20&linkCode=osi&th=1&psc=1","https://m.media-amazon.com/images/I/41o5tbsOFAL._SL500_.jpg","1"
"video projector","Cameras & Photography","Projector【±360°Adjustable Stand&Auto 4P/4D Keystone&Electric Focus】Mini Projector 4K Supported, 600ANSI Portable Projecteur with WiFi6&Bluetooth 5.2, Jimveo 300”Outdoor Movie Projector for PC/Phone","$159.99","$180.00 (53%)","53","https://www.amazon.ca/dp/B0F6VGFMTP?tag=lesdealsduw02-20&linkCode=osi&th=1&psc=1","https://m.media-amazon.com/images/I/51nxNEe7UrL._SL500_.jpg","2"
"women pants","Womens clothing","Willit Women's Wide Leg Yoga Pants with Pockets Stretch Loose High Waist Comfy Soft Casual Lounge Sweatpants 28"" Black L","$18.80","$21.19 (53%)","53","https://www.amazon.ca/dp/B0CWGDP14B?tag=lesdealsduw02-20&linkCode=osi&th=1&psc=1","https://m.media-amazon.com/images/I/31cKLAFAmvL._SL500_.jpg","1"
"robot vacuum","Home","Lefant Robot Vacuum Cleaner, 6 Cleaning Modes, Schedule Time, WiFi/APP/Alexa, 2200Pa Suction, 120 Min Runtime, Self-Charging Robotic Vacuum, Slim, Quiet, Ideal for Pet Hair, Hard Floors(M210 Pro)","$134.89","$145.10 (52%)","52","https://www.amazon.ca/dp/B0CLS4892S?tag=lesdealsduw02-20&linkCode=osi&th=1&psc=1","https://m.media-amazon.com/images/I/41DsL5sC-CL._SL500_.jpg","1"
"wifi","Networking & Connectivity","2025 Newest WiFi Extender, WiFi Repeater, WiFi Booster, Covers Up to 10000 Sq.ft and 60 Devices, Internet Booster - with Ethernet Port, Quick Setup, Home Wireless Signal Booste","$13.30","$14.69 (52%)","52","https://www.amazon.ca/dp/B0DXLB52TD?tag=lesdealsduw02-20&linkCode=osi&th=1&psc=1","https://m.media-amazon.com/images/I/31r7aK6NlHL._SL500_.jpg","1"
"yoga clothes","Sports & Fitness","Y2k Ballet Pilates Wrap Top for Women Workout Yoga Dance Long Sleeve Wrap Shirt Slim Tie Front Going Out Crop Tops, Black, Medium","$7.06","$7.76 (52%)","52","https://www.amazon.ca/dp/B0DXDWHY2R?tag=lesdealsduw02-20&linkCode=osi&th=1&psc=1","https://m.media-amazon.com/images/I/41a+LyLz97L._SL500_.jpg","2"
"beauty products","Beauty & Health","Retinol Eye Balm Stick with Bakuchiol: Under Eye Cream for Dark Circles Puffiness Eye Bags Wrinkles Fine Lines - Hyaluronic Acid Hydrating Brightening - Portable & Perfect for On-the-go Use 0.1 oz/3g","$21.99 ($733.00 / 100 g)","$23.00 (51%)","51","https://www.amazon.ca/dp/B0B4PW6ZKY?tag=lesdealsduw02-20&linkCode=osi&th=1&psc=1","https://m.media-amazon.com/images/I/41CtTzMZD1L._SL500_.jpg","1"
"water bottle","Home","FineDine Water Bottle - Stainless Steel Insulated Water Bottle with Straw Lid, Flip Lid & Wide-Mouth Cap - Keeps Hot and Cold - 25 Oz / 739ml - Pure Pearly White","$16.99","$18.00 (51%)","51","https://www.amazon.ca/dp/B08B1VH53X?tag=lesdealsduw02-20&linkCode=osi&th=1&psc=1","https://m.media-amazon.com/images/I/41CqIQOHTzL._SL500_.jpg","1"
"earphones","Audio","Skullcandy Effortless Sound Skullcandy Jib With Mic Earbuds, Black (S2Duyk,343)","$7.49","$7.50 (50%)","50","https://www.amazon.ca/dp/B075F6TB7F?tag=lesdealsduw02-20&linkCode=osi&th=1&psc=1","https://m.media-amazon.com/images/I/31giGzcCsmL._SL500_.jpg","1"
"gopro mount","Cameras & Photography","Sametop Backpack Strap Mount Quick Clip Mount Compatible with Gopro Hero 13, 12, 11, 10, 9, 8, 7, 6, 5, 4, Session, 3+, 3, 2, 1, Hero (2018), Fusion, Max, DJI Osmo, Xiaomi Yi Action Cameras","$14.99","$15.00 (50%)","50","https://www.amazon.ca/dp/B01BSE454S?tag=lesdealsduw02-20&linkCode=osi&th=1&psc=1","https://m.media-amazon.com/images/I/31ysORiI8uL._SL500_.jpg","1"
"home security","Home","Blink Outdoor 4 (newest model), Wireless smart security camera, two-year battery, 1080p HD day and infrared night live view, two-way talk – 5 camera system","$249.99","$250.00 (50%)","50","https://www.amazon.ca/dp/B0B1N7NYKQ?tag=lesdealsduw02-20&linkCode=osi&th=1&psc=1","https://m.media-amazon.com/images/I/31KWZ0U5jKL._SL500_.jpg","2"
"iphone 15 case","Smartphones","FNTCASE for iPhone 15 Phone Case: for iPhone 14 Case Clear Slim Shockproof Cell Phone Protective Cover | Anti Yellowing Scratch Proof Drop Proof Tough 5G Mobile Phone Protection Bumper 6.1 inch","$9.99","$10.00 (50%)","50","https://www.amazon.ca/dp/B0CFXH8LBV?tag=lesdealsduw02-20&linkCode=osi&th=1&psc=1","https://m.media-amazon.com/images/I/41mgm72CqQL._SL500_.jpg","2"
"laptop","Computers & Laptops","jumper Laptop, 16"" IPS FHD Touchscreen Laptop, Fingerprint Reader, 16GB DDR4, 640GB Storage, Backlit Keyboard, 1 Year Office 365, WiFi 6, 53.2WH, 360 Degree Rotation, Type-C Full Function, 1920x1200","$599.99","$600.00 (50%)","50","https://www.amazon.ca/dp/B0FDQL4FJT?tag=lesdealsduw02-20&linkCode=osi&th=1&psc=1","https://m.media-amazon.com/images/I/41OLbpMQRLL._SL500_.jpg","2"
"office chair","Home","Big and Tall Office Chair 440lbs, Ergonomic Mesh Office Desk Chair with 2D Armrests, Adjustable Lumbar Support Rocking Executive Computer Chair for Heavy People","$99.99","$100.00 (50%)","50","https://www.amazon.ca/dp/B0CXHTDQ3M?tag=lesdealsduw02-20&linkCode=osi&th=1&psc=1","https://m.media-amazon.com/images/I/31O01DpiGnL._SL500_.jpg","2"
"outdoor rug","Outdoor","Outdoor Rug 8x10 ft Outdoor Carpet Fashion Camping Rugs-Modern Reversible Mat for Camping Plastic Straw Rugs for Patio RV Camper Balcony Backyard Picnic Deck Rug Dark Grey","$54.99","$55.00 (50%)","50","https://www.amazon.ca/dp/B0CMTN1NHS?tag=lesdealsduw02-20&linkCode=osi&th=1&psc=1","https://m.media-amazon.com/images/I/6151QLDXKUL._SL500_.jpg","1"
"outdoor rug","Outdoor","Outdoor Rug 5x8 Waterproof Outdoor Carpet Reversible Patio Rug Portable Camping Rug Modern Abstract Plastic Straw RV Rug for Picnic Beach Balcony Pool Deck Foldable Rug","$29.99","$30.00 (50%)","50","https://www.amazon.ca/dp/B0CMX16M46?tag=lesdealsduw02-20&linkCode=osi&th=1&psc=1","https://m.media-amazon.com/images/I/61oSQuLWIRL._SL500_.jpg","1"
"outdoor rug","Outdoor","Outdoor Rug 8x10 ft RV Mat with Led Strip Lights Camping Mat-Black Brown Striped Outdoor Carpet for Striped Patio Balcony Backyard Picnic Deck Porch Reversible Lightweight Rug Fashion Modern","$69.99","$70.00 (50%)","50","https://www.amazon.ca/dp/B0DHVL71HK?tag=lesdealsduw02-20&linkCode=osi&th=1&psc=1","https://m.media-amazon.com/images/I/51-7Sk22ciL._SL500_.jpg","2"
"printer","Computers & Laptops","Brother MFC-J1012DW Wireless Inkjet Printer with Scanner – Color Printer – Duplex Printing – Say Goodbye to Last-Minute Ink & Toner Runs with a Brother Refresh Subscription!","$79.99","$80.00 (50%)","50","https://www.amazon.ca/dp/B0BJ7SJMH7?tag=lesdealsduw02-20&linkCode=osi&th=1&psc=1","https://m.media-amazon.com/images/I/41E5BFIDp+L._SL500_.jpg","1"
"robot vacuum","Home","Robot Vacuum and Mop Combo, 2 in 1 Mopping Robot Vacuum Cleaner with Schedule, Wi-Fi/Voice/App, Strong Suction, Ease of Use, Self-Charging Robotic Vacuum, Slim, Ideal for Hard Floor, Pet Hair, Carpet","$199.99","$200.00 (50%)","50","https://www.amazon.ca/dp/B0F8MRN1XS?tag=lesdealsduw02-20&linkCode=osi&th=1&psc=1","https://m.media-amazon.com/images/I/416I9XJ0vZL._SL500_.jpg","1"
"robot vacuum","Home","Robot Vacuum and Mop Combo, WiFi/App, Robotic Vacuum Cleaner with Schedule, 2 in 1 Mopping Robot Vacuum with Watertank and Dustbin, Self-Charging, Slim, Ideal for Hard Floor, Pet Hair, Carpet","$199.98","$200.01 (50%)","50","https://www.amazon.ca/dp/B0F8ML84WJ?tag=lesdealsduw02-20&linkCode=osi&th=1&psc=1","https://m.media-amazon.com/images/I/51BsJTqUOZL._SL500_.jpg","2"
"running shoes men","Shoes","Merrell Men's Morphlite Trail Running Shoe, White, 10.5 M US","$70.00","$70.00 (50%)","50","https://www.amazon.ca/dp/B0D8TP6PCL?tag=lesdealsduw02-20&linkCode=osi&th=1&psc=1","https://m.media-amazon.com/images/I/31Oy4h4-00L._SL500_.jpg","2"
"smart tv","TV & Video","Insignia 24"" 1080p FHD LED Smart TV (NS-24F202CA23) - Fire TV Edition - 2022","$149.99","$150.00 (50%)","50","https://www.amazon.ca/dp/B0BBSTHVX4?tag=lesdealsduw02-20&linkCode=osi&th=1&psc=1","https://m.media-amazon.com/images/I/31YWbeVKpOL._SL500_.jpg","1"
"tools","Home","CARTMAN 148-Piece Tool Set - General Household Hand Tool Kit with Plastic Toolbox Storage Case","$39.99","$40.00 (50%)","50","https://www.amazon.ca/dp/B01NCJTSW7?tag=lesdealsduw02-20&linkCode=osi&th=1&psc=1","https://m.media-amazon.com/images/I/51Y+SruC2SL._SL500_.jpg","1"
"water bottle","Home","BOZ Stainless Steel Water Bottle XL (1 L / 32oz) Wide Mouth, BPA Free Metal Water Bottle, Vacuum Double Wall Insulated Water Bottle, Sport Water Bottle, Steel Water Bottle (Light Blue)","$14.99","$15.00 (50%)","50","https://www.amazon.ca/dp/B09SQJW87H?tag=lesdealsduw02-20&linkCode=osi&th=1&psc=1","https://m.media-amazon.com/images/I/41gPEuu0u3L._SL500_.jpg","1"
"wifi extender","Networking & Connectivity","2024 Newest WiFi Extender, WiFi Repeater, WiFi Booster, Covers Up to 9860 Sq.ft and 60 Devices, Internet Booster - with Ethernet Port, Quick Setup, Home Wireless Signal Booster","$10.00","$9.88 (50%)","50","https://www.amazon.ca/dp/B0D3DZX8FF?tag=lesdealsduw02-20&linkCode=osi&th=1&psc=1","https://m.media-amazon.com/images/I/31Ls0YiBYOL._SL500_.jpg","2"
"black friday deals","Events","CHEFMAN Multifunctional Digital AirFryer+ Rotisserie,Dehydrator, Convection Oven17 Touch Screen Presets Fry,Roast,Dehydrate, Bake, XL 10L Family Size,Auto Shutoff,Large Easy-View Window Black,10 Quart","$98.49","$93.09 (49%)","49","https://www.amazon.ca/dp/B08DL8WH9V?tag=lesdealsduw02-20&linkCode=osi&th=1&psc=1","https://m.media-amazon.com/images/I/51dFy4ZObFL._SL500_.jpg","2"
"heating pad","Beauty & Health","VANKADA Heating Pad-Electric Heating Pads for Back Pain & Cramps Relief,Hot Heated Pad for Abdomen,Neck,Shoulder,Knee,Moist Heat & Auto Shut Off","$29.99","$29.01 (49%)","49","https://www.amazon.ca/dp/B0CZ6J4LG5?tag=lesdealsduw02-20&linkCode=osi&th=1&psc=1","https://m.media-amazon.com/images/I/4177SMEH-+L._SL500_.jpg","1"
"pencil case","School & Stationery","Pencil Case, Large Capacity Aesthetic Pen Cases with Durable Zipper, Big Stationery Pencil Pouch for Women & Men","$4.39","$4.10 (48%)","48","https://www.amazon.ca/dp/B0DP9GNGFF?tag=lesdealsduw02-20&linkCode=osi&th=1&psc=1","https://m.media-amazon.com/images/I/41jpm3tO9yL._SL500_.jpg","1"
"portable power station","Power & Chargers","Jackery Portable Power Station Explorer 500, 518Wh Outdoor Solar Generator Mobile Lithium Battery Pack with 110V/500W AC Outlet for Home Use, Emergency Backup,Road Trip Camping (Solar Panel Optional)…","$339.00 ($1.59 / oz)","$310.00 (48%)","48","https://www.amazon.ca/dp/B07SM5HBK1?tag=lesdealsduw02-20&linkCode=osi&th=1&psc=1","https://m.media-amazon.com/images/I/41qZq7+GUaL._SL500_.jpg","1"
"robot vacuum","Home","Lefant Robot Vacuum Cleaner, 6 Cleaning Modes, Wi-Fi Connected, SmartSense Technology, Multi-Surface Cleaning, Self-Charging Robot aspirateur, Alexa,Ideal for Pet Hair and Hard Floor(M210 Pro)","$135.99","$124.00 (48%)","48","https://www.amazon.ca/dp/B0D5LPJX39?tag=lesdealsduw02-20&linkCode=osi&th=1&psc=1","https://m.media-amazon.com/images/I/41NLZ6Oa2GL._SL500_.jpg","1"
"wallet","Fashion & Accessories","Zitahli Mens Slim Wallet Larger Capacity with 12 Slots RFID Blocking Minimalist Bifold Front Pocket Wallet for Men with ID Window","$20.78","$19.21 (48%)","48","https://www.amazon.ca/dp/B097GLJ758?tag=lesdealsduw02-20&linkCode=osi&th=1&psc=1","https://m.media-amazon.com/images/I/41YvS+7axML._SL500_.jpg","1"
"xbox series x","Gaming","NHL 25 Xbox Series X","$19.99","$18.11 (48%)","48","https://www.amazon.ca/dp/B0DDZ1BRM9?tag=lesdealsduw02-20&linkCode=osi&th=1&psc=1","https://m.media-amazon.com/images/I/41+3TqxEOuL._SL500_.jpg","2"
"air purifier","Home","Afloia Air Purifier for Home Large Room Up to 1076 Ft², 3-Stage Air Cleaner for Bedroom 22 dB, Air Purifiers for Pets Dust Dander Mold Pollen, Odor Smoke Eliminator, Kilo White, 7 Color Light","$99.99","$90.00 (47%)","47","https://www.amazon.ca/dp/B08PCXJVFH?tag=lesdealsduw02-20&linkCode=osi&th=1&psc=1","https://m.media-amazon.com/images/I/418GiQ2ln6L._SL500_.jpg","2"
"baby shirt","Baby","Mud Kingdom Baby Boys T-shirts Short Sleeve Rainbow Stripe 12 Months","$10.06","$8.93 (47%)","47","https://www.amazon.ca/dp/B076PBJPSR?tag=lesdealsduw02-20&linkCode=osi&th=1&psc=1","https://m.media-amazon.com/images/I/31Ea8pmVLCL._SL500_.jpg","2"
"camera","Cameras & Photography","Blink Outdoor 4 (newest model) – Wireless smart security camera, two-year battery life, 1080p HD day and infrared night live view, two-way talk. Sync Module Core included – 2 camera system","$99.99","$90.00 (47%)","47","https://www.amazon.ca/dp/B0DHLS6DJ9?tag=lesdealsduw02-20&linkCode=osi&th=1&psc=1","https://m.media-amazon.com/images/I/21v3z0vIWHL._SL500_.jpg","2"
"headphones","Audio","Glynzak Wireless Bluetooth Headphones Over Ear 65H Playtime HiFi Stereo Headset with Microphone and 6EQ Modes Foldable Bluetooth V5.3 Headphones for Desktop Computer Laptop Rose Gold","$24.98","$22.01 (47%)","47","https://www.amazon.ca/dp/B0BMLXSNG8?tag=lesdealsduw02-20&linkCode=osi&th=1&psc=1","https://m.media-amazon.com/images/I/31SouxnKv3L._SL500_.jpg","2"
"power strip","Power & Chargers","Anker Power Strip Surge Protector(2100J), 12 Outlets with 1 USB C and 2 USB Ports,5ft Extension Cord,for iPhone 15/15 Plus/15 Pro/15 Pro Max,20W Power Delivery Charging for Home,Office, TUV Listed","$31.99","$28.00 (47%)","47","https://www.amazon.ca/dp/B09SG2Q23M?tag=lesdealsduw02-20&linkCode=osi&th=1&psc=1","https://m.media-amazon.com/images/I/41eIUhRPqpL._SL500_.jpg","1"
"screen protector","Computers & Laptops","JETech Screen Protector for iPhone 16e 2025, iPhone 13/13 Pro 6.1-Inch, Tempered Glass Film, 3-Pack","$8.98","$8.01 (47%)","47","https://www.amazon.ca/dp/B09BNL9TGB?tag=lesdealsduw02-20&linkCode=osi&th=1&psc=1","https://m.media-amazon.com/images/I/41UNeG+UVwL._SL500_.jpg","1"
"screen protector","Computers & Laptops","JETech Full Coverage Screen Protector for iPhone 16e 2025, iPhone 14 6.1-Inch, 9H Tempered Glass Film Case-Friendly, HD Clear, 3-Pack","$8.99","$8.00 (47%)","47","https://www.amazon.ca/dp/B0B8BWT1TZ?tag=lesdealsduw02-20&linkCode=osi&th=1&psc=1","https://m.media-amazon.com/images/I/41yzQ6NyQNL._SL500_.jpg","1"
"ski","Sports & Fitness","YESLIFE Black Ski Mask, Balaclava Face Mask for Men and Women - Skiing, Snowboarding, Motorcycle, UV Protection & Wind Protection","$8.99","$8.00 (47%)","47","https://www.amazon.ca/dp/B09ZTXK9K5?tag=lesdealsduw02-20&linkCode=osi&th=1&psc=1","https://m.media-amazon.com/images/I/21JL4HS2LHL._SL500_.jpg","1"
"streaming device","TV & Video","Amazon Fire TV Stick 4K streaming device with Alexa Voice Remote (includes TV controls), Dolby Vision","$37.19","$32.80 (47%)","47","https://www.amazon.ca/dp/B08XVW2CRY?tag=lesdealsduw02-20&linkCode=osi&th=1&psc=1","https://m.media-amazon.com/images/I/31h4gz5DzAL._SL500_.jpg","2"
"tools","Home","AFA Tooling Deburring Tool Kit with 11 High Speed Steel BS1010 Blades | Precision Edge Burr Removal on Copper, Iron, Brass, and PVC Plumbing Pipes, 3D Printing Plastics, Resin Art, and Metal Work","$19.99 ($12.49 / 100 g)","$18.00 (47%)","47","https://www.amazon.ca/dp/B07RM1D6WD?tag=lesdealsduw02-20&linkCode=osi&th=1&psc=1","https://m.media-amazon.com/images/I/41WW3tVXkmL._SL500_.jpg","2"
"car vacuum","Home","Handheld Car Vacuum Portable Cordless,18000PA High Power Vacuum Cleaner with Brushless Motor,7 in 1 Mini Hand Held Vacuum Rechargeable AirDuster/Blower for Car, Home, Office,Pet","$37.99","$32.00 (46%)","46","https://www.amazon.ca/dp/B0DPT7FL2F?tag=lesdealsduw02-20&linkCode=osi&th=1&psc=1","https://m.media-amazon.com/images/I/41psqfAE05L._SL500_.jpg","1"
"monitor stand","Computers & Laptops","HUANUO Dual Monitor Stand for 13 to 32 Inch Screens, Free Standing Monitor Arm for 2 Screens Holds up to 17.6lbs, Fully Adjustable Dual Monitor Mount with Tilt, Swivel, Rotation, Max VESA 100x100 mm","$39.98","$34.01 (46%)","46","https://www.amazon.ca/dp/B07BJZ7943?tag=lesdealsduw02-20&linkCode=osi&th=1&psc=1","https://m.media-amazon.com/images/I/41nQPjoFovL._SL500_.jpg","2"
"notebooks","School & Stationery","Amazon Basics Classic Lined Notebook, 240 Pages, Black Hardcover, 5 x 8.25-Inch","$9.74","$8.30 (46%)","46","https://www.amazon.ca/dp/B01DN8TCEU?tag=lesdealsduw02-20&linkCode=osi&th=1&psc=1","https://m.media-amazon.com/images/I/31Hd73kC5ZL._SL500_.jpg","1"
"portable blender","Kitchen","Smoothie Blender Syvio 600W,Juice and Shakes,Personal Blender with 2 Speed Control, Mini Blender with 2 BPA-Free 20 Oz Portable Blender Cups,Nutritious Recipe,Personal Blenders for Smoothies Shake","$37.99","$32.00 (46%)","46","https://www.amazon.ca/dp/B0F6SHVJ3K?tag=lesdealsduw02-20&linkCode=osi&th=1&psc=1","https://m.media-amazon.com/images/I/51xjrdfyR+L._SL500_.jpg","2"
"robot vacuum","Home","eufy X10 Pro Omni Robot Vacuum and Mop with 8,000 Pa Suction, Dual Mops with 12 mm Auto-Lift and Carpet Detection, AI Obstacle Avoidance, Auto Mop Washing & Drying, Self-Emptying, Self-Refilling","$699.99","$600.00 (46%)","46","https://www.amazon.ca/dp/B0CPFBBHP4?tag=lesdealsduw02-20&linkCode=osi&th=1&psc=1","https://m.media-amazon.com/images/I/31MjKbdcuVL._SL500_.jpg","2"
"usb-c hub","Computers & Laptops","USB C Hub HDMI Adapter for MacBook Pro/Air, 7 in 1 USB C Dongle with HDMI, SD/TF Card Reader, USBC Data Port,100W PD, and 2 USB 3.0 Compatible for MacBook Pro/Air, Dell XPS, Lenovo Thinkpad","$26.99","$23.00 (46%)","46","https://www.amazon.ca/dp/B07VN4KQX1?tag=lesdealsduw02-20&linkCode=osi&th=1&psc=1","https://m.media-amazon.com/images/I/41PBjfxS4WL._SL500_.jpg","2"
"air fragrance","Home","Car Air Freshener Hanging 2 Pack Car Air Fresheners Diffuser - Mahogany Teakwood Fragrance Oil Air Diffuser for Car, 45+ days Long Lasting Fragrance, Two 0.27 FL OZ/8ML Made in USA Car Air Fresheners","$15.19 ($94.94 / 100 ml)","$12.53 (45%)","45","https://www.amazon.ca/dp/B0DT9PJDRR?tag=lesdealsduw02-20&linkCode=osi&th=1&psc=1","https://m.media-amazon.com/images/I/41jLkcEPrQL._SL500_.jpg","1"
"car vacuum","Home","Handheld Vacuum Cleaner, 8000PA Car Vacuum Cleaner Hand Held Vacuum Cordless High Powerful, Wet Dry Vacuum,Portable Mini Vacuum Cleaner, Homes,Pet Hair","$13.69","$11.29 (45%)","45","https://www.amazon.ca/dp/B0DWL7LRH8?tag=lesdealsduw02-20&linkCode=osi&th=1&psc=1","https://m.media-amazon.com/images/I/416r7ubXrSL._SL500_.jpg","2"
"earphones","Audio","Sony MDREX15LP Fashion Color EX Series Earbuds (Black)","$9.98","$8.01 (45%)","45","https://www.amazon.ca/dp/B00IJXCBG6?tag=lesdealsduw02-20&linkCode=osi&th=1&psc=1","https://m.media-amazon.com/images/I/317-tjH6UAL._SL500_.jpg","1"
"home decor","Home","Moforoco Shower Caddy Shelf Organizer Rack, Self Adhesive Black Bathroom Shelves Basket, Home Farmhouse Wall Shower Inside Organization and Storage Decor Rv Accessories, First Apartment Essentials","$17.98","$15.01 (45%)","45","https://www.amazon.ca/dp/B09MFDXZHJ?tag=lesdealsduw02-20&linkCode=osi&th=1&psc=1","https://m.media-amazon.com/images/I/51unCZH+s0L._SL500_.jpg","1"
"pencils","School & Stationery","Four Candies Cute Mechanical Pencil Set, 6PCS Pastel Mechanical Pencils 0.5 & 0.7mm with 360PCS HB Leads, 3PCS Erasers and 9PCS Eraser Refills, Aesthetic School Supplies for Girls Writing","$11.99","$10.00 (45%)","45","https://www.amazon.ca/dp/B09MLP27XH?tag=lesdealsduw02-20&linkCode=osi&th=1&psc=1","https://m.media-amazon.com/images/I/51X+vqskcPL._SL500_.jpg","1"
"portable power station","Power & Chargers","BLUETTI Solar Generator Elite 30 V2, 288Wh LiFePO4 Battery Backup 600W，AC Outlets (Power Lifting 1500W), 0-100% in 70 Min, for Camping, Road Trip, Outage (Solar Panel Optional)","$218.99","$181.00 (45%)","45","https://www.amazon.ca/dp/B0F42HLLSC?tag=lesdealsduw02-20&linkCode=osi&th=1&psc=1","https://m.media-amazon.com/images/I/31btKbf0mdL._SL500_.jpg","1"
"protein bars","Food","CLIF BAR Energy Bars, Chocolate Chip, Granola Bar, High in Protein, Contains 70% Organic Ingredients, 680 g (Pack of 10)","$10.94 ($1.61 / 100 g)","$9.05 (45%)","45","https://www.amazon.ca/dp/B0DNLC3T1Y?tag=lesdealsduw02-20&linkCode=osi&th=1&psc=1","https://m.media-amazon.com/images/I/51+4JZkXrBL._SL500_.jpg","1"
"protein powder","Beauty & Health","LEANFIT Whey Protein - Vanilla Flavour, 2000.0 gram","$56.69 ($28.34 / kg)","$46.56 (45%)","45","https://www.amazon.ca/dp/B0BRNK714Q?tag=lesdealsduw02-20&linkCode=osi&th=1&psc=1","https://m.media-amazon.com/images/I/41QTyfIvlcL._SL500_.jpg","2"
"robot vacuum","Home","eufy BoostIQ RoboVac 11S (Slim), Robot Vacuum Cleaner, Super-Thin,Powerful Suction, Quiet, Self-Charging Robotic Vacuum Cleaner, Cleans Hard Floors to Medium-Pile Carpets","$126.99","$103.00 (45%)","45","https://www.amazon.ca/dp/B07DF9GVK9?tag=lesdealsduw02-20&linkCode=osi&th=1&psc=1","https://m.media-amazon.com/images/I/41QeKQvBYTL._SL500_.jpg","2"
"robot vacuum","Home","AIRROBO Robot Vacuums Cleaner with 2800Pa Suction, 3-inch Slim Body, Gyroscope Navigation, Remote & App Control, 600ML Dustbin, Automatic Recharge – Ideal Robot Vacuums for Canadian Homes","$109.99","$90.00 (45%)","45","https://www.amazon.ca/dp/B0DY1M4SGS?tag=lesdealsduw02-20&linkCode=osi&th=1&psc=1","https://m.media-amazon.com/images/I/41HImWJugjL._SL500_.jpg","2"
"smartwatch bands","Wearables","AGUPERFIT Quick Release Watch Strap 22mm - 3 Pcs, Adjustable Nylon Braided Stretchy Band Breathable Elastic Replacement Bracelet for Smartwatches and Wristwatches (Starlight+Smoke Violet+Black)","$10.99","$9.00 (45%)","45","https://www.amazon.ca/dp/B0D2Y2GWWS?tag=lesdealsduw02-20&linkCode=osi&th=1&psc=1","https://m.media-amazon.com/images/I/41pdjMWGoAL._SL500_.jpg","1"
"blender","Kitchen","Smoothie Blender, Ganiza Blenders for Smoothies with 15-Piece Blender and Grinder Combo, 4 BPA-Free Personal Blender Cup, for Shakes, Protein Drinks, Fruit Vegetable Drink, Nuts, Spices, Coffee Beans","$44.98","$35.01 (44%)","44","https://www.amazon.ca/dp/B0CCD75K8X?tag=lesdealsduw02-20&linkCode=osi&th=1&psc=1","https://m.media-amazon.com/images/I/51dvMry5NfL._SL500_.jpg","1"
"coffee machine","Kitchen","Nespresso Vertuo Next Coffee and Espresso Machine by Breville - Matte Black","$129.00","$100.00 (44%)","44","https://www.amazon.ca/dp/B08KYF47JC?tag=lesdealsduw02-20&linkCode=osi&th=1&psc=1","https://m.media-amazon.com/images/I/31EVIaTayhL._SL500_.jpg","2"
"humidifier","Home","GoveeLife Smart 3L Humidifiers for Bedroom, Top Fill Cool Mist with Essential Oil Diffuser, Humidity Control, WiFi Air Humidifier with Night Light, 360° Nozzle, for Baby, Plants, Home, Work with Alexa","$49.99","$40.00 (44%)","44","https://www.amazon.ca/dp/B0C2GT613F?tag=lesdealsduw02-20&linkCode=osi&th=1&psc=1","https://m.media-amazon.com/images/I/31HxhzCxAGL._SL500_.jpg","1"
"monitor arm","Computers & Laptops","HUANUO Single Monitor Mount, 13 to 32 Inch Gas Spring Monitor Arm, Adjustable Stand, Vesa Mount with Clamp and Grommet Base - Fits 4.4 to 19.8lbs LCD Computer Monitors","$49.99","$40.00 (44%)","44","https://www.amazon.ca/dp/B07T3KCQ94?tag=lesdealsduw02-20&linkCode=osi&th=1&psc=1","https://m.media-amazon.com/images/I/41-P3snG+vL._SL500_.jpg","1"
"office supplies","Home","Mr. Pen- Sticky Notes, 3""x3"", 12 Pads, Vintage Colors, Self-Stick Pads, Aesthetic, Bulk","$10.69","$8.30 (44%)","44","https://www.amazon.ca/dp/B0BKVTPT9C?tag=lesdealsduw02-20&linkCode=osi&th=1&psc=1","https://m.media-amazon.com/images/I/41W-RyxbiHL._SL500_.jpg","1"
"screen protector","Computers & Laptops","JETech Screen Protector for iPhone 12/12 Pro 6.1-Inch, Tempered Glass Film, 3-Pack","$8.99","$7.00 (44%)","44","https://www.amazon.ca/dp/B07QSSPN34?tag=lesdealsduw02-20&linkCode=osi&th=1&psc=1","https://m.media-amazon.com/images/I/410M3lupBlL._SL500_.jpg","1"
"screen protector","Computers & Laptops","JETech Screen Protector for iPhone 16e 2025, iPhone 14 6.1-Inch, Tempered Glass Film, 3-Pack","$8.99","$7.00 (44%)","44","https://www.amazon.ca/dp/B0B88J714L?tag=lesdealsduw02-20&linkCode=osi&th=1&psc=1","https://m.media-amazon.com/images/I/419D3XrJD9L._SL500_.jpg","2"
"ski","Sports & Fitness","PXTIDY Skiing Socks for Skiers Eat Sleep Repeat Skiing Lover Gift Socks Funny Gifts for Ski Lovers Ski Coach Gift","$7.99","$6.29 (44%)","44","https://www.amazon.ca/dp/B09WTPV7X5?tag=lesdealsduw02-20&linkCode=osi&th=1&psc=1","https://m.media-amazon.com/images/I/41LV6IUnmAL._SL500_.jpg","1"
"sneakers","Shoes","adidas Unisex-Adult Daily 4.0, Core Black/White/Core Black, 8","$53.20","$41.80 (44%)","44","https://www.amazon.ca/dp/B0CKMG3Z86?tag=lesdealsduw02-20&linkCode=osi&th=1&psc=1","https://m.media-amazon.com/images/I/31IIPZGRafL._SL500_.jpg","1"
"sport","Sports & Fitness","adidas Unisex-Adult Defender 5 Medium Duffel Bag, Black, One Size Fits All","$30.80","$24.20 (44%)","44","https://www.amazon.ca/dp/B0CYTY31MQ?tag=lesdealsduw02-20&linkCode=osi&th=1&psc=1","https://m.media-amazon.com/images/I/31m28Q6-5HL._SL500_.jpg","2"
"wifi","Networking & Connectivity","1200Mbps Dual Band (5GHz/2.4GHz) WiFi Extender,WiFi Repeater Covers Up to 12880Sq.ft and 60 Devices,WiFi Booster with Ethernet Port for Home Wireless Signal Booste,Internet Repeater","$54.98","$44.02 (44%)","44","https://www.amazon.ca/dp/B0F3JJD41L?tag=lesdealsduw02-20&linkCode=osi&th=1&psc=1","https://m.media-amazon.com/images/I/413yBK6KSVL._SL500_.jpg","1"
"wifi","Networking & Connectivity","1200Mbps WiFi Extender,WiFi Repeater, WiFi Booster, Covers Up to 12880 Sq.ft and 60 Devices, Internet Booster,Dual Band 5.8GHz&2.4GHz with Ethernet Port for Large Home Office","$54.98","$44.02 (44%)","44","https://www.amazon.ca/dp/B0F3JL1B8Y?tag=lesdealsduw02-20&linkCode=osi&th=1&psc=1","https://m.media-amazon.com/images/I/31VWyhMPBGL._SL500_.jpg","2"
"wifi extender","Networking & Connectivity","2025 WiFi Extender,WiFi Booster, 1200Mbps High-Speed,12880 Sq. Ft Coverage,WiFi Repeater,60 Devices,6 External Antennas,Dual Band 5.8GHz&2.4GHz Internet Booster for Home, Office, Multi-Story House","$54.98","$44.02 (44%)","44","https://www.amazon.ca/dp/B0FJFSJWTW?tag=lesdealsduw02-20&linkCode=osi&th=1&psc=1","https://m.media-amazon.com/images/I/41EETPhKI-L._SL500_.jpg","1"
"children toys","Toys & Games","KOKODI Kids Toys LCD Writing Tablet 10 Inch, Toys for 3 4 5 6 Year Old Boys, Gifts for Boys Girls Age 3-6, Colorful Erasable Doodle Board, Educational Toddler Travel Toy","$15.99","$12.00 (43%)","43","https://www.amazon.ca/dp/B082KFTF41?tag=lesdealsduw02-20&linkCode=osi&th=1&psc=1","https://m.media-amazon.com/images/I/51PjJZhE48L._SL500_.jpg","1"
"desk organizer","Home","Vtopmart 25 PCS Plastic Clear Drawer Organizer, Acrylic Desk Drawer organizers, Organization and Storage for Makeup, Bathroom, Office, kitchen, Bedroom","$25.99 ($1.04 / Pack)","$20.00 (43%)","43","https://www.amazon.ca/dp/B08KXKVT4K?tag=lesdealsduw02-20&linkCode=osi&th=1&psc=1","https://m.media-amazon.com/images/I/41i6wM8ykxL._SL500_.jpg","1"
"gaming keyboard","Gaming","SteelSeries Apex Pro HyperMagnetic Gaming Keyboard — World's Fastest — Adjustable Actuation — OLED Screen — RGB Backlit– USB Passthrough​","$154.99","$118.94 (43%)","43","https://www.amazon.ca/dp/B07SVJJCP3?tag=lesdealsduw02-20&linkCode=osi&th=1&psc=1","https://m.media-amazon.com/images/I/51RftDKjzHL._SL500_.jpg","1"
"hair dryer","Beauty & Health","INFINITIPRO BY CONAIR 1875 Watt Salon Performance AC Motor Styling Tool/Hair Dryer, Burgundy","$34.99","$26.85 (43%)","43","https://www.amazon.ca/dp/B00LEW33X4?tag=lesdealsduw02-20&linkCode=osi&th=1&psc=1","https://m.media-amazon.com/images/I/31jl9f6STjL._SL500_.jpg","2"
"home essentials","Home","RockBerry 50 Pcs Large Food Storage Containers with Lids Airtight-85 OZ to small Containers-Total 526OZ Stackable Kitchen Set -BPA Free Leak proof containers- Freezer Microwave safe","$39.99 ($1.00 / Piece)","$30.01 (43%)","43","https://www.amazon.ca/dp/B09B2F27HP?tag=lesdealsduw02-20&linkCode=osi&th=1&psc=1","https://m.media-amazon.com/images/I/61NBdX61oKL._SL500_.jpg","1"
"laptop","Computers & Laptops","HP Chromebook 14 inch, Intel Celeron N4500, 4GB LPDDR4x, 64GB eMMC, Intel UHD Graphics, HD (1366 x 768), True Vision 720p HD Camera, Fast Charge, ChromeOS, Modern Grey (14a-ne1006ca)","$199.99","$150.00 (43%)","43","https://www.amazon.ca/dp/B0DZ248TDD?tag=lesdealsduw02-20&linkCode=osi&th=1&psc=1","https://m.media-amazon.com/images/I/31nK4rgNxtL._SL500_.jpg","1"
"travel accessories","Outdoor","LISEN Airplane Travel Essentials Phone Holder Handsfree for Phone Stand Long Flight Must Haves 2025 Travel Vlog Gadgets Content Creator Kit for YouTube and TikTok for MagSafe Accessories fits iPhone","$19.98","$15.01 (43%)","43","https://www.amazon.ca/dp/B0CKN1N2YH?tag=lesdealsduw02-20&linkCode=osi&th=1&psc=1","https://m.media-amazon.com/images/I/41aihBNZcAL._SL500_.jpg","2"
"video games","Gaming","Retro Game Console, Wireless Retro Game Console, 24500+ Games Built-in, 4K HDMI Output, 9 Emulators, Dual 2.4GHz Wireless Game, Plug and Play Video Games, Deep Black(64G)","$39.59","$30.40 (43%)","43","https://www.amazon.ca/dp/B0F844DKV7?tag=lesdealsduw02-20&linkCode=osi&th=1&psc=1","https://m.media-amazon.com/images/I/51y+nlbkV0L._SL500_.jpg","1"
"4k smart tv","TV & Video","Amazon Fire TV 43"" 4-Series 4K UHD smart TV, stream live TV without cable","$273.13","$196.86 (42%)","42","https://www.amazon.ca/dp/B08T6FMSY8?tag=lesdealsduw02-20&linkCode=osi&th=1&psc=1","https://m.media-amazon.com/images/I/41YuCIrxq-L._SL500_.jpg","1"
"air freshener","Home","Glade Air Freshener Room Spray, Aqua Waves, 226g, Fragrance Infused with Essential Oils, with 100% Natural Propellant","$2.47 ($1.05 / 100 g)","$1.78 (42%)","42","https://www.amazon.ca/dp/B0BPK28TNR?tag=lesdealsduw02-20&linkCode=osi&th=1&psc=1","https://m.media-amazon.com/images/I/319HFviqrRL._SL500_.jpg","1"
"black friday deals","Events","ecozy Portable Ice Maker Countertop, 9 Cubes Ready in 6 Mins, 26 lbs in 24 Hours, Self-Cleaning Ice Maker Machine with Ice Bags/Standing Ice Scoop/Ice Basket for Camping Party, Black","$93.49","$66.50 (42%)","42","https://www.amazon.ca/dp/B0B498C643?tag=lesdealsduw02-20&linkCode=osi&th=1&psc=1","https://m.media-amazon.com/images/I/414nNaKVbtL._SL500_.jpg","2"
"portable charger","Power & Chargers","INIU Portable Charger, Slimmest Fast Charging 10000mAh USB C in/Out Power Bank, 22.5W PD3.0 QC4+ Battery Pack, Portable Phone Charger for iPhone 16 15 14 13 12 Pro Samsung S22 S21 Google AirPods iPad","$26.79","$19.19 (42%)","42","https://www.amazon.ca/dp/B08K7GHZ3V?tag=lesdealsduw02-20&linkCode=osi&th=1&psc=1","https://m.media-amazon.com/images/I/41dh773Rs9L._SL500_.jpg","2"
"power strip","Power & Chargers","Power Strip Surge Protector - Addtam 12 Outlets(3-Side) and 3 USB Ports 5 Ft Long Extension Cord, Flat Plug Overload Surge Protection Outlet Strip, Wall Mount for Home, Office and More","$21.93","$16.06 (42%)","42","https://www.amazon.ca/dp/B08F59DNK7?tag=lesdealsduw02-20&linkCode=osi&th=1&psc=1","https://m.media-amazon.com/images/I/41tgrRA8r-L._SL500_.jpg","2"
"black friday deals","Events","CZZXI 3 PCS Microfiber Hair Towel, Hair Wraps for Women Wet Hair, Fast Drying Hair Turban, Anti Frizz Head Towels Wrap for Curly Hair (Grey, Pink, Blue)","$12.99","$9.00 (41%)","41","https://www.amazon.ca/dp/B0BQYRKH8B?tag=lesdealsduw02-20&linkCode=osi&th=1&psc=1","https://m.media-amazon.com/images/I/51CBUti5unL._SL500_.jpg","1"
"earphones","Audio","soundcore by Anker P20i True Wireless Earbuds, 10mm Drivers with Big Bass, Bluetooth 5.3, 30H Long Playtime, IPX5 Water-Resistant, 2 Mics for AI Clear Calls, 22 Preset EQs, Customization via App","$23.73","$16.26 (41%)","41","https://www.amazon.ca/dp/B0BTYCRJSS?tag=lesdealsduw02-20&linkCode=osi&th=1&psc=1","https://m.media-amazon.com/images/I/31ZxloLy0dL._SL500_.jpg","1"
"markers","School & Stationery","Kebuye 48 Colors Alcohol Markers Set, Dual Tips Blender Art Markers for Drawing Sketching Coloring Artist Pens and Underlining, Professional Permanent Sketch Markers for Kids Adult Coloring","$16.99","$12.00 (41%)","41","https://www.amazon.ca/dp/B0BZV83DTS?tag=lesdealsduw02-20&linkCode=osi&th=1&psc=1","https://m.media-amazon.com/images/I/51ZuTbHfDhL._SL500_.jpg","1"
"portable power station","Power & Chargers","Jackery Portable Power Station Explorer 300, 293Wh Backup Lithium Battery, 110V/300W Pure Sine Wave AC Outlet, Solar Generator for Outdoors Camping Travel Hunting Blackout (Solar Panel Optional)","$249.00","$170.00 (41%)","41","https://www.amazon.ca/dp/B082TMBYR6?tag=lesdealsduw02-20&linkCode=osi&th=1&psc=1","https://m.media-amazon.com/images/I/511uY4VGxyS._SL500_.jpg","1"
"power strip","Power & Chargers","Power Bar Surge Protector, 5 Ft Flat Plug Exetnsion Cord with Multiple Outlets, Power Strip with 4 USB Ports(2 USB C), Wall Mount for Home Office College Dorm Room Essentials, ETI Listed, Black","$18.99","$13.00 (41%)","41","https://www.amazon.ca/dp/B0BW46KZ4T?tag=lesdealsduw02-20&linkCode=osi&th=1&psc=1","https://m.media-amazon.com/images/I/31UIP-7EAVL._SL500_.jpg","1"
"projector","Cameras & Photography","【Short Throw/Built-in Apps】 1080P Mini Projector with WiFi 6 and Bluetooth, Portable Outdoor Projector with 【Auto Keystone】, 270°Rotation Movie Projector Compatible with HDMI, USB, Smartphone","$94.99","$65.00 (41%)","41","https://www.amazon.ca/dp/B0D2H6BCDJ?tag=lesdealsduw02-20&linkCode=osi&th=1&psc=1","https://m.media-amazon.com/images/I/51L4ZkHHsbL._SL500_.jpg","1"
"screen protector","Computers & Laptops","JETech Screen Protector for iPhone 11 and iPhone XR, 6.1-Inch, Tempered Glass Film, 3-Pack","$9.99","$7.00 (41%)","41","https://www.amazon.ca/dp/B07QQZDZ6N?tag=lesdealsduw02-20&linkCode=osi&th=1&psc=1","https://m.media-amazon.com/images/I/51nwxwCrQqL._SL500_.jpg","1"
"womens tops","Womens clothing","WNEEDU Womens Tops Summer T-Shirt Short Sleeve Crewneck Loose Fit Casual Basic Tee Tops 2025 New Floral White XL","$11.75","$8.24 (41%)","41","https://www.amazon.ca/dp/B0C3R5PN3C?tag=lesdealsduw02-20&linkCode=osi&th=1&psc=1","https://m.media-amazon.com/images/I/41wz1jzO+kL._SL500_.jpg","1"
"car accessories","Automotive","Ampper Blind Spot Mirror, 2"" Round HD Glass Frameless Convex Rear View Mirror, Pack of 2","$11.99","$8.00 (40%)","40","https://www.amazon.ca/dp/B01CV4ANCC?tag=lesdealsduw02-20&linkCode=osi&th=1&psc=1","https://m.media-amazon.com/images/I/5120tgyAjEL._SL500_.jpg","1"
"electronics","Other Tech","Etekcity Body Fat Scale Smart BMI Scale, Smart Weighing Scale , Bluetooth Electronic Body Analyzer Machine, Accurate Machine, 400lb Black ESF-551","$29.97","$20.02 (40%)","40","https://www.amazon.ca/dp/B095YJW56C?tag=lesdealsduw02-20&linkCode=osi&th=1&psc=1","https://m.media-amazon.com/images/I/41SN6szQSDL._SL500_.jpg","2"
"gaming","Gaming","Japanese Sea Wave Large Mouse Pad, Anime Black Gaming, Extended Kanagawa Mat Desk Pad, 3mm Thick Long Non-Slip Rubber Base Mice Pad, 31.5 X 11.8 Inch","$11.96","$8.03 (40%)","40","https://www.amazon.ca/dp/B0BB3B8G45?tag=lesdealsduw02-20&linkCode=osi&th=1&psc=1","https://m.media-amazon.com/images/I/51-+5W1G+lL._SL500_.jpg","1"
"infant shoes","Baby","CLOUCKY Baby Boys Soft Sole Loafers Shoes Infant First Walking Dress Sneakers Brown, 6-12 Months","$12.00","$7.98 (40%)","40","https://www.amazon.ca/dp/B0BKFR988L?tag=lesdealsduw02-20&linkCode=osi&th=1&psc=1","https://m.media-amazon.com/images/I/411AND3DxtL._SL500_.jpg","2"
"kitchen storage","Kitchen","SONGMICS Cabinet Organizer Shelf, Set of 2 Kitchen Counter Shelves, Kitchen Storage, Spice Rack, Stackable, Expandable, Metal and Engineered Wood, Ink Black and Natural Beige UKCS02NB","$19.19","$12.80 (40%)","40","https://www.amazon.ca/dp/B07RGGYLGY?tag=lesdealsduw02-20&linkCode=osi&th=1&psc=1","https://m.media-amazon.com/images/I/41YrPpHNijL._SL500_.jpg","2"
"mobile accessories","Smartphones","Nulaxy Dual Foldable Phone Stand for Desk, Fully Adjustable Desktop Cell Phone Holder Accessories for Office Kindle Compatible with 4-8"" Mobile Devices iPhone Pro/Max/Plus, iPad Pro/Air/Mini, Black","$14.99","$10.00 (40%)","40","https://www.amazon.ca/dp/B07F8S18D5?tag=lesdealsduw02-20&linkCode=osi&th=1&psc=1","https://m.media-amazon.com/images/I/31OR4pkm28L._SL500_.jpg","1"
"monitor stand","Computers & Laptops","2 Pack Premium Laptop PC Monitor Stand with Sturdy, Stable Black Metal Construction. Fashionable Riser Height Adjustable with Non-Skid Rubber. Perfect for Computer Monitor iMac Stand or Computer Shelf","$29.99","$20.00 (40%)","40","https://www.amazon.ca/dp/B07F3FTVQF?tag=lesdealsduw02-20&linkCode=osi&th=1&psc=1","https://m.media-amazon.com/images/I/41V8tULXj-L._SL500_.jpg","2"
"mouse","Computers & Laptops","Logitech M185 Wireless Mouse, 2.4GHz with USB Mini Receiver, 12-Month Battery Life, 1000 DPI Optical Tracking, Ambidextrous, Compatible with PC, Mac, Laptop - Swift Grey","$14.99","$10.00 (40%)","40","https://www.amazon.ca/dp/B004YAVF8I?tag=lesdealsduw02-20&linkCode=osi&th=1&psc=1","https://m.media-amazon.com/images/I/31U-r5U5hoL._SL500_.jpg","1"
"notebooks","School & Stationery","ZICOTO Aesthetic Spiral Notebook Set of 3 For Women - Cute College Ruled 8x6 Journal/Notebook with Large Pockets And Lined Pages - Perfect Supplies to Stay Organized at Work or School","$17.99","$12.00 (40%)","40","https://www.amazon.ca/dp/B0BWYLWWC1?tag=lesdealsduw02-20&linkCode=osi&th=1&psc=1","https://m.media-amazon.com/images/I/41Kbtd7UkVL._SL500_.jpg","1"
"outdoor rug","Outdoor","Pauwer Reversible Mats Outdoor Rugs 6'x9' for Patio Clearance Waterproof Plastic Staw Rug Outdoor Patio Rug Camping Rugs for Outside Indoor Outdoor Rugs for RV Camping, Deck, Picnic, Grey","$29.99","$20.00 (40%)","40","https://www.amazon.ca/dp/B0BNTF6ZDM?tag=lesdealsduw02-20&linkCode=osi&th=1&psc=1","https://m.media-amazon.com/images/I/610b3SvB15L._SL500_.jpg","1"
"pencil case","School & Stationery","ProCase Pencil Case, Large Capacity Back to School Supplies Students Stationery Pouch Pencil Holder Desk Organizer, Portable Pencil Pouch for School College Office Supplies Teen Adult -Black","$11.99","$8.00 (40%)","40","https://www.amazon.ca/dp/B07T9DGJVY?tag=lesdealsduw02-20&linkCode=osi&th=1&psc=1","https://m.media-amazon.com/images/I/41cSOH2-n7L._SL500_.jpg","2"
"phone case","Smartphones","elago Compatible with iPhone 15 Case, Liquid Silicone Case, Full Body Protective Cover, Shockproof, Slim Phone Case, Anti-Scratch Soft Microfiber Lining, 6.1 inch (Light Blue)","$17.99","$12.00 (40%)","40","https://www.amazon.ca/dp/B0CBB6SM6W?tag=lesdealsduw02-20&linkCode=osi&th=1&psc=1","https://m.media-amazon.com/images/I/41oRuPaupnL._SL500_.jpg","2"
"portable power station","Power & Chargers","Anker 521 Portable Power Station (Powerhouse 256Wh), 6-Port Powerhouse 200W/256Wh with Solar Generator, 2 AC Outlets, 60W USB-C Power Delivery Output, LED Light for Outdoor RV, Emergencies and More","$209.98","$140.01 (40%)","40","https://www.amazon.ca/dp/B09FF46FQ9?tag=lesdealsduw02-20&linkCode=osi&th=1&psc=1","https://m.media-amazon.com/images/I/31dmqYQ+EEL._SL500_.jpg","1"
"screen protector","Computers & Laptops","JETech Screen Protector for iPhone 15 6.1-Inch, Bubble Free, Tempered Glass Film with Easy Installation Tool, Case-Friendly, HD Clear, 2-Pack","$8.99","$6.00 (40%)","40","https://www.amazon.ca/dp/B0CKMCLKLP?tag=lesdealsduw02-20&linkCode=osi&th=1&psc=1","https://m.media-amazon.com/images/I/410qQ2TwKDL._SL500_.jpg","1"
"sneakers","Shoes","New Balance Womens 237 V1 Sneaker","$65.98","$44.01 (40%)","40","https://www.amazon.ca/dp/B09YBRFHN4?tag=lesdealsduw02-20&linkCode=osi&th=1&psc=1","https://m.media-amazon.com/images/I/31wfsrQ5T2L._SL500_.jpg","2"
"sport","Sports & Fitness","Pilamor Sports Headbands for Men (5 Pack),Moisture Wicking Workout Headband, Sweatband Headbands for Running,Cycling,Football, Yoga,Hairband for Women and Men(Gray, Green, White, Blue, Black)","$5.19","$3.50 (40%)","40","https://www.amazon.ca/dp/B091669827?tag=lesdealsduw02-20&linkCode=osi&th=1&psc=1","https://m.media-amazon.com/images/I/41FwRo0yIIL._SL500_.jpg","1"
"st patrick","Events","LINOCOUTON Mens St. Patrick's Day Shirt Irish Shamrock Clover Button Down Outfit, Shamrock A, X-Large","$14.90","$10.00 (40%)","40","https://www.amazon.ca/dp/B0CNSTV8P2?tag=lesdealsduw02-20&linkCode=osi&th=1&psc=1","https://m.media-amazon.com/images/I/516xexemImL._SL500_.jpg","1"
"tools","Home","DEKOPRO Drill Set: Tool Set with 8V Pink Cordless Drill, Home Tool Kit with Drill, DIY Hand Tool Kits for Women Garden Office House Repair 126 Piece","$59.98","$40.01 (40%)","40","https://www.amazon.ca/dp/B0BXC81MFC?tag=lesdealsduw02-20&linkCode=osi&th=1&psc=1","https://m.media-amazon.com/images/I/51ZpNxKDDwL._SL500_.jpg","1"
"tools","Home","LEXIVON Impact Grade Socket Adapter Set, 3"" Extension Bit with Holder | 3-Piece 1/4"", 3/8"", and 1/2"" Drive, Adapt Your Power Drill to High Torque Impact Wrench (LX-101)","$9.97","$6.65 (40%)","40","https://www.amazon.ca/dp/B07MH3MGGF?tag=lesdealsduw02-20&linkCode=osi&th=1&psc=1","https://m.media-amazon.com/images/I/41K1J5c0kcL._SL500_.jpg","1"
"tumblers","Home","FECBK 40 oz Tumbler with Handle and Straw Lid, 100% Leak-Proof Travel Mug, Stainless Steel Double Wall Vacuum Insulated Coffee Cup Keeps Cold for 34 Hours, Dishwasher Safe, Purple Leopard","$17.99","$12.00 (40%)","40","https://www.amazon.ca/dp/B0CH9J5JL1?tag=lesdealsduw02-20&linkCode=osi&th=1&psc=1","https://m.media-amazon.com/images/I/51O8Gu+Rr2L._SL500_.jpg","2"
"usb-c hub","Computers & Laptops","BENFEI 5in1 USB C Hub with 4K HDMI, 3 USB-A, 100W Power Delivery, Silicone and Woven Design Cable, Aluminum Case Compatible with MacBook Pro/Air, iPad Pro, iMac, iPhone 15 Pro/Pro Max, XPS, Thinkpad","$17.99","$12.00 (40%)","40","https://www.amazon.ca/dp/B0CSYYKB97?tag=lesdealsduw02-20&linkCode=osi&th=1&psc=1","https://m.media-amazon.com/images/I/41-wVZqJjZL._SL500_.jpg","1"
"video games","Gaming","MSCFIT Retro Game Console, Plug & Play TV Gaming Console with 25,000 Built-in Games, 64GB, 4K HDMI Output, 9 Iconic Emulators, 2.4G Wireless Controllers, Black","$29.99","$20.00 (40%)","40","https://www.amazon.ca/dp/B0DZLZYK4X?tag=lesdealsduw02-20&linkCode=osi&th=1&psc=1","https://m.media-amazon.com/images/I/513R+TswY7L._SL500_.jpg","1"
"baby carrier","Baby","Boba X Baby Carrier - Newborn to Toddler Adjustable Porte-Bébé, 2-in-1 Convertible Front and Backpack Carrier 7 to 45 lbs, Ergonomic Baby Carrier with Crossable Straps (Yucca)","$79.99","$51.41 (39%)","39","https://www.amazon.ca/dp/B07H3WBDYD?tag=lesdealsduw02-20&linkCode=osi&th=1&psc=1","https://m.media-amazon.com/images/I/41KxkYN-92L._SL500_.jpg","2"
"breakfast cereal","Food","Post Honey Bunches of Oats with Almonds Breakfast Cereal, with Crunchy Granola-Oat clusters, Regular Size 340g","$3.33 ($9.79 / kg)","$2.16 (39%)","39","https://www.amazon.ca/dp/B09M4FLYRW?tag=lesdealsduw02-20&linkCode=osi&th=1&psc=1","https://m.media-amazon.com/images/I/51wWOOs8DsL._SL500_.jpg","2"
"car cleaner","Home","AstroAI Car Window Cleaner, Car Windshield Cleaning Tool with Telescopic and Extendable Handle, Inside with 4 Reusable and Washable Microfiber Pads, Auto Glass Wiper Kit, Grey-Triangle","$18.88","$12.31 (39%)","39","https://www.amazon.ca/dp/B08C791NQZ?tag=lesdealsduw02-20&linkCode=osi&th=1&psc=1","https://m.media-amazon.com/images/I/41qpmFdjrlL._SL500_.jpg","2"
"gaming","Gaming","Acer Nitro ED270R MBMIIPHX 27"" FHD 1500R Curve PC Gaming Monitor (1920 x 1080), 165Hz, Black, 27-inch","$169.99","$110.00 (39%)","39","https://www.amazon.ca/dp/B0B6JWXZZP?tag=lesdealsduw02-20&linkCode=osi&th=1&psc=1","https://m.media-amazon.com/images/I/41pxuI4292L._SL500_.jpg","1"
"home decor","Home","CEMABT Vases for Pampas Grass,Creative Vase Modern Home Decor,Handmade Vase White Ceramic Dried Flowers Craft Ornaments for Office Home Decoration","$10.99","$7.00 (39%)","39","https://www.amazon.ca/dp/B09TZKJ5BG?tag=lesdealsduw02-20&linkCode=osi&th=1&psc=1","https://m.media-amazon.com/images/I/41cKYnFsHGL._SL500_.jpg","1"
"home decor","Home","MOMEEMO Glass Soap Dispenser Set, Contains Hand Soap and Dish Soap Dispenser.Suitable for Kitchen Decor. (Black & White)","$26.99","$17.00 (39%)","39","https://www.amazon.ca/dp/B09TQLC5TK?tag=lesdealsduw02-20&linkCode=osi&th=1&psc=1","https://m.media-amazon.com/images/I/41ZuZEA+XqL._SL500_.jpg","1"
"iphone 15 case","Smartphones","ESR for iPhone 15 Case Compatible with MagSafe, Strong Magnetic Anti-Scratch Shockproof Phone Cover, Classic Series, Clear","$16.99","$11.00 (39%)","39","https://www.amazon.ca/dp/B0CC1FTGMB?tag=lesdealsduw02-20&linkCode=osi&th=1&psc=1","https://m.media-amazon.com/images/I/41jjkG3VU1L._SL500_.jpg","1"
"iphone case","Smartphones","JETech Magnetic Case for iPhone 14 6.1-Inch Compatible with MagSafe, Translucent Matte Back Slim Shockproof Phone Cover (Black)","$13.99","$9.00 (39%)","39","https://www.amazon.ca/dp/B0BX8PR1KT?tag=lesdealsduw02-20&linkCode=osi&th=1&psc=1","https://m.media-amazon.com/images/I/41YsthpqzQL._SL500_.jpg","2"
"laptop accessories","Computers & Laptops","Laptop Stand for Desk, Adjustable Laptop Riser ABS+Silicone Foldable Portable Laptop Holder, Ventilated Cooling Notebook Stand for 10-15.6” Laptops,Tablet-Black","$13.99","$9.00 (39%)","39","https://www.amazon.ca/dp/B08G84P8ZX?tag=lesdealsduw02-20&linkCode=osi&th=1&psc=1","https://m.media-amazon.com/images/I/414yuJcg0uL._SL500_.jpg","2"
"power strip","Power & Chargers","Amazon Basics 6-Outlet Surge Protector Power Strip with 2 USB Ports - 1000 Joule, White","$13.99","$8.92 (39%)","39","https://www.amazon.ca/dp/B07NSJMSK3?tag=lesdealsduw02-20&linkCode=osi&th=1&psc=1","https://m.media-amazon.com/images/I/31DyvigSgyL._SL500_.jpg","2"
"travel accessories","Outdoor","18 Pack Travel Bottles for Toiletries, TSA Approved Silicone Travel Size Toiletries, Leak-Proof Refillable Liquid Containers for Toiletries Travel Essentials","$13.99","$9.00 (39%)","39","https://www.amazon.ca/dp/B0BZWMJM2F?tag=lesdealsduw02-20&linkCode=osi&th=1&psc=1","https://m.media-amazon.com/images/I/41JHcFGqk1L._SL500_.jpg","1"
"tumblers","Home","Insulated Tumbler with Straw Lid & Handle - 40oz (2 Lids) - Vacuum Leakproof Double Walled Stainless Steel Travel Mug Cup for Coffee Tea Water Hold Cold Iced Drinks - Fits Car Cup Holder","$19.99","$13.00 (39%)","39","https://www.amazon.ca/dp/B0C4ZQ3F9N?tag=lesdealsduw02-20&linkCode=osi&th=1&psc=1","https://m.media-amazon.com/images/I/31NNJ59c39L._SL500_.jpg","1"
"vacuum bags","Home","Accenter Vacuum Sealer Bags for Clothes in Closet Storage，Vacuum Storage Bags for Clothes Organizer and Storage, Sac de Rangement Sous Vide to Store Pillows, Comforters, Blankets, Bedding","$18.39","$11.60 (39%)","39","https://www.amazon.ca/dp/B0895V66W1?tag=lesdealsduw02-20&linkCode=osi&th=1&psc=1","https://m.media-amazon.com/images/I/5188mLMgkSL._SL500_.jpg","1"
"womens tops","Womens clothing","Zeagoo Womens Casual Loose Tunic Tops Lightweight Short Sleeve Crew Neck Crochet Knit Summer Pullover Sweater Blouses","$19.99","$13.00 (39%)","39","https://www.amazon.ca/dp/B0DKNL6MKD?tag=lesdealsduw02-20&linkCode=osi&th=1&psc=1","https://m.media-amazon.com/images/I/41EowHXLucL._SL500_.jpg","1"
"apple smartwatch","Wearables","Smart Watch for Men Women [Answer/Make Call], 1.8"" Touchscreen Fitness Tracker with Heart Rate Blood Oxygen Sleep Monitor Compatible with iPhone & Android, Alexa Built-in, IP68 Waterproof Watch","$49.99","$30.00 (38%)","38","https://www.amazon.ca/dp/B0BPYHYN9H?tag=lesdealsduw02-20&linkCode=osi&th=1&psc=1","https://m.media-amazon.com/images/I/41kIdKRxkkL._SL500_.jpg","1"
"camera accessories","Cameras & Photography","SD Card Reader for iPhone iPad Camera,Dual Card Slot Memory Card Reader Supports SD and TF Card Trail Camera Viewer Sd Card Adapter Portable Micro Sd Card Reader No Application Required Plug and Play","$14.99","$9.00 (38%)","38","https://www.amazon.ca/dp/B07YDNSZQ3?tag=lesdealsduw02-20&linkCode=osi&th=1&psc=1","https://m.media-amazon.com/images/I/31dzK2yQbiL._SL500_.jpg","1"
"camping gear","Outdoor","Waterdrop Gravity Water Filter Straw, Camping Water Filtration System, Water Purifier Survival for Travel, Backpacking and Emergency Preparedness, 1.5 gal Bag, 0.1 Micron, 5 Stage Filtration","$38.86","$24.13 (38%)","38","https://www.amazon.ca/dp/B086QNLBB4?tag=lesdealsduw02-20&linkCode=osi&th=1&psc=1","https://m.media-amazon.com/images/I/41qiFymeklL._SL500_.jpg","1"
"coffee machine","Kitchen","Keurig K-Slim Single Serve K-Cup Pod Coffee Maker, Featuring Simple Push Button Controls And MultiStream Technology, Black","$99.98","$60.01 (38%)","38","https://www.amazon.ca/dp/B089KN8G5D?tag=lesdealsduw02-20&linkCode=osi&th=1&psc=1","https://m.media-amazon.com/images/I/31-cAYbM8EL._SL500_.jpg","1"
"dock station","Computers & Laptops","UGREEN Revodok USB C Docking Station Dual 4K@60Hz HDMI, 6-in-1 USB C Hub Dual Monitor with 4K@60Hz HDMI, PD Charging, USB C and 2 USB A 3.0 Data Port for HP, ASUS, ThinkPad and More","$49.99","$30.00 (38%)","38","https://www.amazon.ca/dp/B0BY8QNV1C?tag=lesdealsduw02-20&linkCode=osi&th=1&psc=1","https://m.media-amazon.com/images/I/41aj7Mv8F0L._SL500_.jpg","1"
"ethernet cable","Networking & Connectivity","Dacrown Cat 8 Ethernet Cable 50 ft Shielded, Indoor&Outdoor, Heavy Duty High Speed Direct Burial 26AWG Network Wire, 40Gbps 2000Mhz SFTP Patch Cord, in Wall&Weatherproof RJ45 Cable for Router/Modem","$29.99","$18.00 (38%)","38","https://www.amazon.ca/dp/B07QZDYPSW?tag=lesdealsduw02-20&linkCode=osi&th=1&psc=1","https://m.media-amazon.com/images/I/41UZLIz96iL._SL500_.jpg","2"
"noise cancelling headphones","Audio","Bose QuietComfort Wireless Noise Cancelling Headphones, Bluetooth Over Ear Headphones with Up to 24 Hours of Battery Life, Black","$299.00","$180.00 (38%)","38","https://www.amazon.ca/dp/B0CCZ26B5V?tag=lesdealsduw02-20&linkCode=osi&th=1&psc=1","https://m.media-amazon.com/images/I/31+fg95OcqL._SL500_.jpg","1"
"office supplies","Home","Sharpie Tank Highlighters, Chisel Tip, Assorted Colours, 12 Count","$7.98","$4.80 (38%)","38","https://www.amazon.ca/dp/B002BA5WLE?tag=lesdealsduw02-20&linkCode=osi&th=1&psc=1","https://m.media-amazon.com/images/I/41Ef9MJWYHL._SL500_.jpg","1"
"pencils","School & Stationery","Shuttle Art Wood-Cased #2 HB Pencils, 350 Pack Sharpened Yellow Pencils with Erasers, Bulk Pack Graphite Pencils for School and Teacher Supplies, Writing, Drawing and Sketching","$36.99","$23.00 (38%)","38","https://www.amazon.ca/dp/B0891SSBJT?tag=lesdealsduw02-20&linkCode=osi&th=1&psc=1","https://m.media-amazon.com/images/I/51pdm13F1xL._SL500_.jpg","1"
"rugby","Sports & Fitness","TSOTMO Rugby Gift In My Rugby Era Eco Tote Bag for Coach Players Football Team Gift Football Lovers Mom","$9.89","$6.00 (38%)","38","https://www.amazon.ca/dp/B0CTKKD8WV?tag=lesdealsduw02-20&linkCode=osi&th=1&psc=1","https://m.media-amazon.com/images/I/41oO1oUapmL._SL500_.jpg","2"
"synthesizer","Music","IK Multimedia UNO Synth Pro X, Dual-Filter Paraphonic Analog Desktop Synthesizer, Audio Interface with Modulation Matrix, 12 Studio-Quality Effects, Software Editor, USB/MIDI/CV/GATE/Audio I/O (Black)","$399.99","$250.00 (38%)","38","https://www.amazon.ca/dp/B0CB8P7CQN?tag=lesdealsduw02-20&linkCode=osi&th=1&psc=1","https://m.media-amazon.com/images/I/41uEKi2-hJL._SL500_.jpg","2"
"tumblers","Home","Contigo Streeterville Tumbler, 40 oz (1.18 L), Insulated Stainless Steel Water Bottle with Straw and Leak-Proof Lid, Salt","$19.99","$12.31 (38%)","38","https://www.amazon.ca/dp/B0DFN2543T?tag=lesdealsduw02-20&linkCode=osi&th=1&psc=1","https://m.media-amazon.com/images/I/21k5u+xdMGL._SL500_.jpg","1"
"apple products","Smartphones","Wireless Charger for iPhone - 5 in 1 Charging Station for Multiple Devices Apple: Fast Wireless Charging Stand Dock for iPhone 16e 16 15 14 13 12 Pro Max Apple Watch Airpods","$37.98","$22.01 (37%)","37","https://www.amazon.ca/dp/B0C1H5HNV3?tag=lesdealsduw02-20&linkCode=osi&th=1&psc=1","https://m.media-amazon.com/images/I/41C9TtR6bSL._SL500_.jpg","2"
"board games","Toys & Games","Mattel Games Blokus Strategy Board Game, Family Game for Kids & Adults with Colorblind Accessible Pieces & Just One Rule","$19.00","$10.99 (37%)","37","https://www.amazon.ca/dp/B00FBWBM3G?tag=lesdealsduw02-20&linkCode=osi&th=1&psc=1","https://m.media-amazon.com/images/I/513yKcmb4IL._SL500_.jpg","1"
"external hard drive","Computers & Laptops","500GB External Hard Drive Portable - Maxone Ultra Slim 2.5'' External HDD USB 3.0 Compatible with PC, Laptop, Rose Pink","$39.58","$23.41 (37%)","37","https://www.amazon.ca/dp/B07BCP5L2B?tag=lesdealsduw02-20&linkCode=osi&th=1&psc=1","https://m.media-amazon.com/images/I/41dDvleP61L._SL500_.jpg","1"
"footwear","Shoes","Grounded Footwear for Women Barefoot Shoes Mens, Hike Barefoot Shoes Womens Footwear,2025 New Comfortable Non-Slip Men's Women's Water Shoes with Wide Toe Box for Walking,Running,Hiking,Daily Wear","$25.00","$14.41 (37%)","37","https://www.amazon.ca/dp/B0DQYJ6Z7T?tag=lesdealsduw02-20&linkCode=osi&th=1&psc=1","https://m.media-amazon.com/images/I/41bZvj2I8uL._SL500_.jpg","2"
"gaming mouse","Gaming","MSI Clutch GM08 4200 DPI, Accurate Optical Sensor, Durable Build Quality, Adjustable Weight System, Dragon Scale Design Side Grips, On The Fly DPI Changing, Optical Wired Gaming Mouse with Red LED","$18.99","$11.00 (37%)","37","https://www.amazon.ca/dp/B08DDLMGCY?tag=lesdealsduw02-20&linkCode=osi&th=1&psc=1","https://m.media-amazon.com/images/I/31FUVU6esJL._SL500_.jpg","1"
"gaming pc","Gaming","HP Victus 15L Gaming Desktop Bundle, AMD Ryzen 5 5600G, 8 GB SDRAM, 256 GB SSD, NVIDIA GeForce RTX 3060 Graphics, Windows 11 Home, TG02-0039 (2023)","$899.99","$520.00 (37%)","37","https://www.amazon.ca/dp/B0BZBGFJQ2?tag=lesdealsduw02-20&linkCode=osi&th=1&psc=1","https://m.media-amazon.com/images/I/41on8+52mUL._SL500_.jpg","2"
"home gym equipment","Sports & Fitness","Pulley System for Exercise, 3 in 1 Pulley Cable System with LAT Pulldown Bar/ Tricep Rope/ 2M Gym Cable, Pro Weight Pulley System for Shoulder/Gym, Home Pulley Gym, Fitness Pulley Machine Attachments","$68.99","$41.00 (37%)","37","https://www.amazon.ca/dp/B08YFCL3S9?tag=lesdealsduw02-20&linkCode=osi&th=1&psc=1","https://m.media-amazon.com/images/I/51iv1yZeqIL._SL500_.jpg","1"
"iphone 15 pro max","Smartphones","TOCOL Magnetic for iPhone 15 Pro Max Case, Upgraded Full Camera Protection, Fit for MagSafe, Rugged Phone Case for iPhone 15 Pro Max 6.7 Inch, Drop Protection, Anti-Scratch, Black","$11.99","$7.00 (37%)","37","https://www.amazon.ca/dp/B0CBJZL29J?tag=lesdealsduw02-20&linkCode=osi&th=1&psc=1","https://m.media-amazon.com/images/I/41iXnFGZxgL._SL500_.jpg","2"
"outdoor furniture","Outdoor","KOTEK 3 Piece Patio Furniture Set, Outdoor Conversation Set with Washable Cushions & Tempered Glass Tabletop, PE Rattan Wicker Bistro Set for Porch, Garden, Balcony (Red)","$219.99","$130.00 (37%)","37","https://www.amazon.ca/dp/B0BYZZNK8W?tag=lesdealsduw02-20&linkCode=osi&th=1&psc=1","https://m.media-amazon.com/images/I/41LFxQTj-CL._SL500_.jpg","1"
"tools","Home","GOOACC 5PCS Auto Trim Removal Tool Kit No-Scratch Pry Tool Kit for Car Door Clip Panel & Audio Dashboard Dismantle -5PCS","$7.89","$4.60 (37%)","37","https://www.amazon.ca/dp/B07V22YC9J?tag=lesdealsduw02-20&linkCode=osi&th=1&psc=1","https://m.media-amazon.com/images/I/41fkGflaVgL._SL500_.jpg","1"
"trash bags","Home","Glad Black Garbage Bags - Regular 74 Litres - 40 Trash Bags, Made in Canada of Global Components","$7.48 ($0.19 / count)","$4.41 (37%)","37","https://www.amazon.ca/dp/B003THHSJC?tag=lesdealsduw02-20&linkCode=osi&th=1&psc=1","https://m.media-amazon.com/images/I/516JN8gWSkL._SL500_.jpg","1"
"vacuum cleaner","Home","BISSELL Pet Hair Eraser Slim Corded Vacuum Cleaner - 2897C","$99.99","$59.99 (37%)","37","https://www.amazon.ca/dp/B0DJB531F1?tag=lesdealsduw02-20&linkCode=osi&th=1&psc=1","https://m.media-amazon.com/images/I/31gD7L9ePhL._SL500_.jpg","1"
"webcam","Computers & Laptops","NexiGo N60 1080P Webcam with Microphone, Adjustable FOV, Zoom, Software Control & Privacy Cover, USB HD Computer Web Camera, Plug and Play, for Zoom/Skype/Teams, Conferencing and Video Calling","$37.99","$22.00 (37%)","37","https://www.amazon.ca/dp/B088TSR6YJ?tag=lesdealsduw02-20&linkCode=osi&th=1&psc=1","https://m.media-amazon.com/images/I/41tYb74YvaL._SL500_.jpg","1"
"wireless router","Networking & Connectivity","NETGEAR 4-Stream WiFi 6 Router (RAX10) – Security Features, AX1800 Wireless Speed (Up to 1.8 Gbps) | 1,500 sq. ft. Coverage","$50.74","$29.23 (37%)","37","https://www.amazon.ca/dp/B0973SJBFL?tag=lesdealsduw02-20&linkCode=osi&th=1&psc=1","https://m.media-amazon.com/images/I/312JuRJXd+S._SL500_.jpg","2"
"adjustable dumbbells","Sports & Fitness","FEIERDUN Adjustable Dumbbells, 30lbs Free Weight Set with Connector, 4 in1 Dumbbells Set Used as Barbell, Kettlebells, Push up Stand, Fitness Exercises for Home Gym Suitable Men/Women","$89.98","$50.01 (36%)","36","https://www.amazon.ca/dp/B0C2TDDTYX?tag=lesdealsduw02-20&linkCode=osi&th=1&psc=1","https://m.media-amazon.com/images/I/41+ho3BDW4L._SL500_.jpg","1"
"air purifier","Home","AIRTOK Air Purifiers for Bedroom Home, H13 True HEPA Air Filter for Smoke, Dust, Odors, Pollen, Pet Dander 99.97% Removal, Air Purifiers Large Room with Fragrance Sponge, White?","$76.99","$43.00 (36%)","36","https://www.amazon.ca/dp/B0BR9T5MQQ?tag=lesdealsduw02-20&linkCode=osi&th=1&psc=1","https://m.media-amazon.com/images/I/41k8nwxqEdL._SL500_.jpg","1"
"baby monitor","Baby","TP-Link Tapo 2K Pan/Tilt Indoor Security WiFi Camera, Baby & Pet Camera w/ 360° Motion Tracking, 2-Way Audio, Night Vision, Cloud & Local Storage (Up to 256 GB), Works w/Alexa & Google (Tapo C210)","$31.99","$18.00 (36%)","36","https://www.amazon.ca/dp/B09Y8TLP25?tag=lesdealsduw02-20&linkCode=osi&th=1&psc=1","https://m.media-amazon.com/images/I/41Cs70LKimL._SL500_.jpg","1"
"bicycle","Sports & Fitness","HILAND 20 inch Kids Bike for Age 5-12, Kids Mountain Bike for Boys Girls, Children Bicycle, Pink","$159.99","$90.00 (36%)","36","https://www.amazon.ca/dp/B08BYKZ5PL?tag=lesdealsduw02-20&linkCode=osi&th=1&psc=1","https://m.media-amazon.com/images/I/51+7XkaX9jL._SL500_.jpg","2"
"candy","Food","Werther’s Original, Hard candies, 1,139 g (40.1 oz)","$13.99 ($1.23 / 100 g)","$7.76 (36%)","36","https://www.amazon.ca/dp/B00T577OHG?tag=lesdealsduw02-20&linkCode=osi&th=1&psc=1","https://m.media-amazon.com/images/I/41GpqdBui2L._SL500_.jpg","2"
"car gadgets","Automotive","Handheld Vacuum Car Vacuum Cleaner,12000Pa Super Suction Power Cordless Hand Cleaners Brushless Car Vacuum Cordless Powerful Dust Buster,for Vehicles, Homes, Pet Hair,with Two Metal Filters","$22.99","$13.00 (36%)","36","https://www.amazon.ca/dp/B0C9G8LTHB?tag=lesdealsduw02-20&linkCode=osi&th=1&psc=1","https://m.media-amazon.com/images/I/51yJWzHdI5L._SL500_.jpg","1"
"chocolate chip cookies","Food","FREEYUMM Oat Chocolate Chip Cookies, 154 GR","$5.79 ($3.76 / 100 g)","$3.19 (36%)","36","https://www.amazon.ca/dp/B095VFFCV5?tag=lesdealsduw02-20&linkCode=osi&th=1&psc=1","https://m.media-amazon.com/images/I/41HeOd+71RL._SL500_.jpg","2"
"coffee brewer","Kitchen","Secura French Press Coffee Maker, 304 Grade Stainless Steel Insulated Coffee Press with 2 Extra Screens, 34oz (1 Litre), Silver","$32.02","$17.96 (36%)","36","https://www.amazon.ca/dp/B00JE36GLQ?tag=lesdealsduw02-20&linkCode=osi&th=1&psc=1","https://m.media-amazon.com/images/I/41BFUt0LNTL._SL500_.jpg","2"
"electronics","Other Tech","Frameo 10.1 Inch WiFi Digital Picture Frame, 1280x800 HD IPS Touch Screen Photo Frame Electronic, 32GB Memory, Auto-Rotate, Wall Mountable, Share Photos/Videos Instantly via Frameo App from Anywhere","$69.98","$40.01 (36%)","36","https://www.amazon.ca/dp/B088NHSVJN?tag=lesdealsduw02-20&linkCode=osi&th=1&psc=1","https://m.media-amazon.com/images/I/41ebSSBmuEL._SL500_.jpg","1"
"gaming headset","Gaming","HyperX Cloud II - Gaming Headset, 7.1 Surround Sound, Memory Foam Ear Pads, Durable Aluminum Frame, Detachable Microphone, Works with PC, PS5, PS4, Xbox Series X|S, Xbox One – Red","$89.99","$50.00 (36%)","36","https://www.amazon.ca/dp/B00SAYCXWG?tag=lesdealsduw02-20&linkCode=osi&th=1&psc=1","https://m.media-amazon.com/images/I/41SkA5j2l-L._SL500_.jpg","1"
"home decor","Home","HUFEEOH Black Adhesive Paper Towel Holder Under Cabinet Wall Mount for Kitchen Paper Towel, Stainless Steel Paper Towel Roll Rack for Bathroom Towel","$16.59","$9.40 (36%)","36","https://www.amazon.ca/dp/B08HTZHWNC?tag=lesdealsduw02-20&linkCode=osi&th=1&psc=1","https://m.media-amazon.com/images/I/41YMnAIj+AL._SL500_.jpg","1"
"iphone 15 case","Smartphones","JETech Case for iPhone 15 6.1-Inch, Non-Yellowing Shockproof Phone Bumper Cover, Anti-Scratch Clear Back (Clear)","$10.79","$6.20 (36%)","36","https://www.amazon.ca/dp/B0CCCZ7MM9?tag=lesdealsduw02-20&linkCode=osi&th=1&psc=1","https://m.media-amazon.com/images/I/41UzPE4zEQL._SL500_.jpg","1"
"keyboard","Computers & Laptops","Wireless Keyboard and Mouse Combo, Lovaky 2.4G Full-Sized Ergonomic Keyboard Mouse, 3 DPI Adjustable Cordless USB Keyboard and Mouse, Quite Click for Computer/Laptop/Windows/Mac","$25.49","$14.50 (36%)","36","https://www.amazon.ca/dp/B09KC6PSR9?tag=lesdealsduw02-20&linkCode=osi&th=1&psc=1","https://m.media-amazon.com/images/I/41q6MdFxBzL._SL500_.jpg","1"
"led strip lights","Home","Lepro LED Lights, 16.4ft LED Lights Strip for Bedroom, 150 LEDs LED Light Strips for Room Decor, Remote Control, RGB LED Strip Lights for Kitchen, TV LED Backlight Strip, Living Room","$20.99","$12.00 (36%)","36","https://www.amazon.ca/dp/B07RFFJ7YL?tag=lesdealsduw02-20&linkCode=osi&th=1&psc=1","https://m.media-amazon.com/images/I/51-tQi+F+6L._SL500_.jpg","1"
"paddleboards","Outdoor","Aqua Plus 6inches Thick Inflatable SUP for All Skill Levels Stand Up Paddle Board,Paddle,Pump,ISUP Travel Backpack, Leash,Shoulder Strap,Youth,Adult Inflatable Paddle Board","$249.99","$139.99 (36%)","36","https://www.amazon.ca/dp/B07PLXK7WL?tag=lesdealsduw02-20&linkCode=osi&th=1&psc=1","https://m.media-amazon.com/images/I/51UnslKzCrL._SL500_.jpg","1"
"portable blender","Kitchen","Portable Blender Cup,Electric USB Juicer Blender,Mini Blender Portable Blender For Shakes and Smoothies, Juice,380ml, Six Blades Great for Mixing,Light purple","$25.79","$14.20 (36%)","36","https://www.amazon.ca/dp/B089Y15Z9T?tag=lesdealsduw02-20&linkCode=osi&th=1&psc=1","https://m.media-amazon.com/images/I/41yvducP5oL._SL500_.jpg","1"
"portable speaker","Audio","JBL Flip 6 - Portable Waterproof Speaker - Black","$108.94","$61.04 (36%)","36","https://www.amazon.ca/dp/B09GJVTRNZ?tag=lesdealsduw02-20&linkCode=osi&th=1&psc=1","https://m.media-amazon.com/images/I/21u7kG5LwsL._SL500_.jpg","2"
"streaming device","TV & Video","Amazon Fire TV Stick 4K (newest model), streaming device, more than 700,000 movies and TV episodes, supports Wi-Fi 6, watch free & live TV","$44.99","$25.00 (36%)","36","https://www.amazon.ca/dp/B0CJLF8H4L?tag=lesdealsduw02-20&linkCode=osi&th=1&psc=1","https://m.media-amazon.com/images/I/31S18shbw4L._SL500_.jpg","1"
"toothbrush","Beauty & Health","Colgate Ultra Soft Renewal Full Size Toothbrush (2 Pack) with High Density Floss-Tip Bristles, Colgate Oral Care for Gentle and Effective Cleaning, Ideal for Sensitive Teeth and Gums","$6.97 ($3.48 / count)","$3.94 (36%)","36","https://www.amazon.ca/dp/B08R1XC6RJ?tag=lesdealsduw02-20&linkCode=osi&th=1&psc=1","https://m.media-amazon.com/images/I/414ZIOEcWvL._SL500_.jpg","1"
"toys","Toys & Games","Pop Tubes Robot Toys Fidget Toys 4 Packs Suction Cup Sensory Toys for Autism Toddler Kids Boys Girls Travel Essentials Resturant Airplane Activities Beach Summer Party Favors","$13.98","$8.01 (36%)","36","https://www.amazon.ca/dp/B0CY4VCMZB?tag=lesdealsduw02-20&linkCode=osi&th=1&psc=1","https://m.media-amazon.com/images/I/519hk-a5J7L._SL500_.jpg","1"
"usb-c hub","Computers & Laptops","SABRENT USB C Hub Multiport Adapter, 5 in 1 USB-C to HDMI Adapter, 4K HDMI, 100W Power Delivery, USB 3.0 Port, USB-C to USB Adapter, HDMI to USB C Compatible for USB C Laptops and Other Type C Devices","$17.99","$10.00 (36%)","36","https://www.amazon.ca/dp/B08V3PHKR8?tag=lesdealsduw02-20&linkCode=osi&th=1&psc=1","https://m.media-amazon.com/images/I/31ZSDPsCwsL._SL500_.jpg","2"
"air purifier","Home","Coway Airmega AP-1512HH(W) True HEPA Purifier with Air Quality Monitoring, Auto, Timer, Filter Indicator, and Eco Mode, 16.8 x 18.3 x 9.7, White","$207.34","$111.66 (35%)","35","https://www.amazon.ca/dp/B01728NLRG?tag=lesdealsduw02-20&linkCode=osi&th=1&psc=1","https://m.media-amazon.com/images/I/31A2zVsBYEL._SL500_.jpg","2"
"bike gear","Sports & Fitness","2 Pack Dirt Bike Goggles for Motorcycle, ATV, Riding, Ski - Windproof Racing Helmet Glasses for Adults, Men, Women, Youth, Kids (Colorful + Clear)","$10.46","$5.64 (35%)","35","https://www.amazon.ca/dp/B0BB9SVYGG?tag=lesdealsduw02-20&linkCode=osi&th=1&psc=1","https://m.media-amazon.com/images/I/41L21FdvMeL._SL500_.jpg","2"
"books","Books","Regretting You","$13.50","$7.14 (35%)","35","https://www.amazon.ca/dp/1542016428?tag=lesdealsduw02-20&linkCode=osi&th=1&psc=1","https://m.media-amazon.com/images/I/51qFqP094-L._SL500_.jpg","1"
"car mobile holder","Automotive","VANMASS [85+LBS Strongest Suction & Clip] 2025 Upgrade Car Phone Holder [Patent & Safety Certs] Cell Phone Mount Truck Stand for Dashboard Windshield Vent for iPhone 16 Pro Max 15 14 13 12 Samsung","$32.25","$17.74 (35%)","35","https://www.amazon.ca/dp/B07G61YN8K?tag=lesdealsduw02-20&linkCode=osi&th=1&psc=1","https://m.media-amazon.com/images/I/51SmXCDIf3L._SL500_.jpg","1"
"fan","Home","Goveelife 42'' Tower Fan for Bedroom, Smart Floor Fan with 150° Adjustable Oscillating, APP & Voice Control, 5 Modes 12 Speeds up to 26ft/s, 24H Timer, 27dB Quiet Fan for Cooling Home Office Black","$129.99","$70.00 (35%)","35","https://www.amazon.ca/dp/B0CS6CC7NQ?tag=lesdealsduw02-20&linkCode=osi&th=1&psc=1","https://m.media-amazon.com/images/I/31mxfGf4CsL._SL500_.jpg","2"
"gaming accessories","Gaming","Redragon GS550 Orpheus PC Gaming Speakers, 2.0 Channel Stereo Desktop Computer Sound Bar with Compact Maneuverable Size, Quality Bass and Decent Red Backlit, USB Powered w/ 3.5mm Cables","$27.99","$15.00 (35%)","35","https://www.amazon.ca/dp/B07X3KFV3F?tag=lesdealsduw02-20&linkCode=osi&th=1&psc=1","https://m.media-amazon.com/images/I/51UTRJ7eKWL._SL500_.jpg","1"
"hockey","Sports & Fitness","Faswin 18 Pack Ice Hockey Pucks with 3 Reusable Mesh Bag, Official Regulation, Diameter 3"", Thickness 1"", 6oz, Black","$34.99","$18.60 (35%)","35","https://www.amazon.ca/dp/B01FQ6H3V6?tag=lesdealsduw02-20&linkCode=osi&th=1&psc=1","https://m.media-amazon.com/images/I/511PFuKywZL._SL500_.jpg","1"
"home essentials","Home","Silicone Cooking Utensils Set - 446°F Heat Resistant Kitchen Utensils,Turner Tongs,Spatula,Spoon,Brush,Whisk,Kitchen Utensil Gadgets Tools Set for Nonstick Cookware,Dishwasher Safe (BPA Free)","$29.99","$16.00 (35%)","35","https://www.amazon.ca/dp/B088DGBRMC?tag=lesdealsduw02-20&linkCode=osi&th=1&psc=1","https://m.media-amazon.com/images/I/51Z8l72fSfL._SL500_.jpg","1"
"home security","Home","Dwell+Good Door Locks (2-Pack) - Easy To Install Aluminum Home Security Door Locks for Front Door - Child Proof Door Lock for Kids Safety - Withstand 800 lb of Force & Tamper Proof Top Door Lock Latch","$25.99 ($13.00 / Count)","$14.00 (35%)","35","https://www.amazon.ca/dp/B07RHW29SY?tag=lesdealsduw02-20&linkCode=osi&th=1&psc=1","https://m.media-amazon.com/images/I/41ba7teNZ0L._SL500_.jpg","1"
"hotspot","Networking & Connectivity","GL.iNet GL-SFT1200 (Opal) Secure Travel WiFi Router, Dual-Band Wireless Router WiFi with Gigabit Ethernet, VPN Router for Public Computer/Home/Hotel/RV/Cruise, Internet Router, Wireless Access Point","$48.99","$26.00 (35%)","35","https://www.amazon.ca/dp/B09N72FMH5?tag=lesdealsduw02-20&linkCode=osi&th=1&psc=1","https://m.media-amazon.com/images/I/31ghUfztYXL._SL500_.jpg","2"
"keurig coffee maker","Kitchen","Keurig K-Supreme Plus SMART Single Serve K-Cup Pod Coffee Maker With Connected Capabilities, Black","$193.98","$106.01 (35%)","35","https://www.amazon.ca/dp/B09V1W3966?tag=lesdealsduw02-20&linkCode=osi&th=1&psc=1","https://m.media-amazon.com/images/I/31rR2wHwrAL._SL500_.jpg","2"
"keurig coffee maker","Kitchen","Keurig K-Supreme Plus SMART Coffee Maker, Single Serve K-Cup Pod Coffee Brewer, BREWID and MultiStream Technology, 78 Oz, Black","$130.61","$69.34 (35%)","35","https://www.amazon.ca/dp/B0973YH74Z?tag=lesdealsduw02-20&linkCode=osi&th=1&psc=1","https://m.media-amazon.com/images/I/31YpWwjWvGS._SL500_.jpg","2"
"kitchen appliances","Kitchen","Ninja Foodi 6-in-1 8-qt. (7.6L) 2-Basket Air Fryer DualZone Technology, Match Cook & Smart Finish to Roast, Broil, Dehydrate & More for Quick, Easy Meals, Slate Grey (DZ201C) Canadian Version","$149.99","$80.00 (35%)","35","https://www.amazon.ca/dp/B08GL1XSH8?tag=lesdealsduw02-20&linkCode=osi&th=1&psc=1","https://m.media-amazon.com/images/I/31rqqX-Z-dL._SL500_.jpg","1"
"lego","Toys & Games","LEGO Star Wars TIE Bomber Model Building Kit, Star Wars Toy Starfighter with Gonk Droid Figure, Darth Vader Minifigure and Lightsaber, Collectible Star Wars Gift for 9 Year Olds, 75347","$54.98","$30.01 (35%)","35","https://www.amazon.ca/dp/B0BBY1B8GL?tag=lesdealsduw02-20&linkCode=osi&th=1&psc=1","https://m.media-amazon.com/images/I/51uEK7eF54L._SL500_.jpg","1"
"laptop","Computers & Laptops","HP 15.6 inch Laptop PC, Intel N100 Processor, 4 GB DDR4, 128GB Storage, Intel UHD Graphics, FHD (1920 x 1080) Display, Windows 11 Home, Copilot Key, Natural Silver (15-fd0016ca)","$259.99","$140.00 (35%)","35","https://www.amazon.ca/dp/B0DVD5RQ86?tag=lesdealsduw02-20&linkCode=osi&th=1&psc=1","https://m.media-amazon.com/images/I/41M1rPWsIAL._SL500_.jpg","1"
"laptop stand","Computers & Laptops","Laptop Stand, iVoler Laptop Holder Riser Computer Tablet Stand, 6 Angles Adjustable Aluminum Ergonomic Foldable Portable Desktop Holder Compatible with MacBook,iPad, HP, Dell, Lenovo 10-15.6”Silver","$19.99","$11.00 (35%)","35","https://www.amazon.ca/dp/B07WBYCTNX?tag=lesdealsduw02-20&linkCode=osi&th=1&psc=1","https://m.media-amazon.com/images/I/41HP1PsrQ9L._SL500_.jpg","2"
"modem","Networking & Connectivity","TP-Link AX5400 WiFi 6 Router (Archer AX72 Pro) - Multi Gigabit Wireless Internet Router, 1 x 2.5 Gbps Port, Dual Band, VPN Router, OFDMA, MU-MIMO, USB Port, WPA3, Compatible with Alexa","$129.99","$70.00 (35%)","35","https://www.amazon.ca/dp/B0D7ZBJRC8?tag=lesdealsduw02-20&linkCode=osi&th=1&psc=1","https://m.media-amazon.com/images/I/41kB4WoLVkL._SL500_.jpg","1"
"mouse","Computers & Laptops","HP X3000 G3 Wireless Mouse, 15-Month Battery, Side Grips for Control, Travel-Friendly, Blue LED, Powerful 1600 DPI Optical Sensor, Compatible with Wins PC/Laptop, Mac, Chromebook, Black","$14.99","$8.00 (35%)","35","https://www.amazon.ca/dp/B09Y8K2HJN?tag=lesdealsduw02-20&linkCode=osi&th=1&psc=1","https://m.media-amazon.com/images/I/31hI6s-dIjL._SL500_.jpg","1"
"power bank","Power & Chargers","Power Bank Fast Charging 50000mAh 22.5W Portable Charger USB C Quick Charge with 3 Outputs & 2 Inputs LED Display Huge Capacity External Battery Pack for iPhone, Samsung, iPad etc","$35.99","$19.00 (35%)","35","https://www.amazon.ca/dp/B0DQQ2B2HX?tag=lesdealsduw02-20&linkCode=osi&th=1&psc=1","https://m.media-amazon.com/images/I/310mkacQQxL._SL500_.jpg","1"
"yoga clothes","Sports & Fitness","RELLECIGA Women's Black Strappy Padded Sports Bra Yoga Bra Tops Size Medium","$19.59","$10.40 (35%)","35","https://www.amazon.ca/dp/B08HD99CNK?tag=lesdealsduw02-20&linkCode=osi&th=1&psc=1","https://m.media-amazon.com/images/I/418WCqJh-4L._SL500_.jpg","2"
"baby monitor wireless","Baby","BOIFUN Entry-Level Video Baby Monitor, Mobile Phone APP Control & LCD Monitor, 4.3'' 4X Zoom Display, AI Motion & Sound Detection, 1080P Wireless (Moniteur Bébé), Invisible Infrared Night Vision","$49.99","$26.00 (34%)","34","https://www.amazon.ca/dp/B0D5MFHQCT?tag=lesdealsduw02-20&linkCode=osi&th=1&psc=1","https://m.media-amazon.com/images/I/41DZy0jO72L._SL500_.jpg","2"
"deals","General","Joomer Solar String Lights Outdoor, 2Pack Total 80FT 240LED 8 Modes Solar Fairy Lights, Super Bright Waterproof Twinkle Lights for Tree, Patio, Garden, Outdoors (Warm White)","$11.19 ($5.60 / 2packs)","$5.80 (34%)","34","https://www.amazon.ca/dp/B083FJQTF2?tag=lesdealsduw02-20&linkCode=osi&th=1&psc=1","https://m.media-amazon.com/images/I/51wT7SU83KL._SL500_.jpg","2"
"dock station","Computers & Laptops","Lenovo ThinkPad Hybrid USB-C with USB-A Dock US (40AF0135US)","$229.99","$116.00 (34%)","34","https://www.amazon.ca/dp/B079N9BJY7?tag=lesdealsduw02-20&linkCode=osi&th=1&psc=1","https://m.media-amazon.com/images/I/21Fb0HY7NcL._SL500_.jpg","1"
"energy drinks","Food","Red Bull Energy Drink, Sugar Free, 250 ml (4 pack)","$7.97 ($7.97 / l)","$4.02 (34%)","34","https://www.amazon.ca/dp/B008PKR7O4?tag=lesdealsduw02-20&linkCode=osi&th=1&psc=1","https://m.media-amazon.com/images/I/51N9ZhlGJHL._SL500_.jpg","2"
"fashion","Fashion & Accessories","PRETTYGARDEN Women's Fall Long Blazer Jackets Long Sleeve Lapel Pockets Loose Fit Work Casual Blazers Outerwear (Beige,Large)","$39.59","$20.40 (34%)","34","https://www.amazon.ca/dp/B0CG9756JR?tag=lesdealsduw02-20&linkCode=osi&th=1&psc=1","https://m.media-amazon.com/images/I/31+2LP3xUuL._SL500_.jpg","1"
"gaming mouse","Gaming","Redragon M656 Gainer Wireless Gaming Mouse, 4000 DPI 2.4Ghz Wireless Mouse w/ 5 DPI Levels, 7 Macro Buttons, Red LED Backlit & Pro Software/Drive Supported, for PC/Mac/Laptop","$19.83","$10.16 (34%)","34","https://www.amazon.ca/dp/B09VPBF8NY?tag=lesdealsduw02-20&linkCode=osi&th=1&psc=1","https://m.media-amazon.com/images/I/31PZent2ZvL._SL500_.jpg","2"
"home security","Home","eufy Security eufyCam S300(eufyCam 3C) 2-Cam Kit, Security Camera Outdoor Wireless, 4K Camera, Expandable Local Storage up to 16TB, Face Recognition AI, Color Night Vision, Spotlight, No Monthly Fee","$329.99 ($165.00 / count)","$170.00 (34%)","34","https://www.amazon.ca/dp/B0BTBP5T15?tag=lesdealsduw02-20&linkCode=osi&th=1&psc=1","https://m.media-amazon.com/images/I/31mzHaoq31L._SL500_.jpg","2"
"hotspot","Networking & Connectivity","Mobile Wi - Fi Hotspot, 4G LTE Portable Wi - Fi Router with SIM Card Slot, Up to 150Mbps, Support 10 Users Connections, Pocket Wi - Fi for Travel, Home","$22.44","$11.39 (34%)","34","https://www.amazon.ca/dp/B0D841151W?tag=lesdealsduw02-20&linkCode=osi&th=1&psc=1","https://m.media-amazon.com/images/I/31ByO8Q2NgL._SL500_.jpg","2"
"instant noodles","Food","Tim Hortons Chicken Noodle Soup, Ready-to-Serve, 540mL Can","$2.97 ($5.50 / l)","$1.52 (34%)","34","https://www.amazon.ca/dp/B08BSM61D9?tag=lesdealsduw02-20&linkCode=osi&th=1&psc=1","https://m.media-amazon.com/images/I/41fJ5N+u9KL._SL500_.jpg","2"
"keyboard","Computers & Laptops","Arteck 2.4G Wireless Keyboard Stainless Steel Ultra Slim Full Size Keyboard with Numeric Keypad for Computer/Desktop/PC/Laptop/Surface/Smart TV and Windows 10/8/ 7 Built in Rechargeable Battery","$39.89","$20.10 (34%)","34","https://www.amazon.ca/dp/B07D34L57F?tag=lesdealsduw02-20&linkCode=osi&th=1&psc=1","https://m.media-amazon.com/images/I/417AD5xAlhL._SL500_.jpg","2"
"kettlebell","Sports & Fitness","Yes4All Kettlebell Weight with Wide Multigrip Handle for Dumbbell Weights Exercises, Full Body Workout Equipment - 20lbs - Purple","$46.40","$23.80 (34%)","34","https://www.amazon.ca/dp/B0D6N1B1FG?tag=lesdealsduw02-20&linkCode=osi&th=1&psc=1","https://m.media-amazon.com/images/I/41iKLQ1+7lL._SL500_.jpg","2"
"lego blocks","Toys & Games","LEGO Classic Magical Transparent Box - Preschool Learning Toy for Boys and Girls, Ages 5+ - Birthday Gift for Kids - Beginner Construction Set - Colorful Building Bricks Toy - 11040","$19.94","$10.05 (34%)","34","https://www.amazon.ca/dp/B0DJ1C448Q?tag=lesdealsduw02-20&linkCode=osi&th=1&psc=1","https://m.media-amazon.com/images/I/517RwEMl7zL._SL500_.jpg","2"
"pens","School & Stationery","Paper Mate InkJoy Pen Ballpoint Stick, Ball Point 10 Stick Pen Assorted Barrels Medium-1.0mm, Pouch of 10, Assorted Fashion Coloured Inks (1782970)","$1.98","$1.00 (34%)","34","https://www.amazon.ca/dp/B008V7CKXY?tag=lesdealsduw02-20&linkCode=osi&th=1&psc=1","https://m.media-amazon.com/images/I/510qQHXBT5L._SL500_.jpg","1"
"protein powder","Beauty & Health","BioSteel Sports Chocolate 100% Whey Protein Powder, rBGH Hormone Free and Non-GMO Post Workout Formula, 25 Servings","$32.90","$17.09 (34%)","34","https://www.amazon.ca/dp/B07C1D578J?tag=lesdealsduw02-20&linkCode=osi&th=1&psc=1","https://m.media-amazon.com/images/I/419R8tY4BUL._SL500_.jpg","1"
"solar panel","Other Tech","Jackery SolarSaga 100W Portable Solar Panel for Explorer 240/300/500/1000/1500 Power Station, Foldable US Solar Cell Solar Charger with USB Outputs for Phones (Can't Charge Explorer 440/ PowerPro)","$259.00","$130.99 (34%)","34","https://www.amazon.ca/dp/B07Q71LX84?tag=lesdealsduw02-20&linkCode=osi&th=1&psc=1","https://m.media-amazon.com/images/I/31kMMBNmAwL._SL500_.jpg","1"
"air crisp fryer","Kitchen","Gotham Steel Air Fryer Tray, Air Fry Basket for Oven, 2 Piece Nonstick Copper Crisper Tray, Air Fry for Convection Oven, Also Great for Baking & Crispy Foods, Dishwasher Safe – XL 16.5” x 12.5”","$19.99","$9.99 (33%)","33","https://www.amazon.ca/dp/B074VJVKH5?tag=lesdealsduw02-20&linkCode=osi&th=1&psc=1","https://m.media-amazon.com/images/I/51e0cP84RfL._SL500_.jpg","2"
"apple products","Smartphones","JARGOU 3 in 1 Charging Station for Apple Wireless Charger for iPhone 16 15 14 13 12 11 X 8 & for Apple Watch Charger Wireless Charging Station for Multiple Devices for AirPods 2/3/4/Pro/Pro 2","$39.99","$20.00 (33%)","33","https://www.amazon.ca/dp/B0BQ2SYFJ7?tag=lesdealsduw02-20&linkCode=osi&th=1&psc=1","https://m.media-amazon.com/images/I/51dp9brWOqL._SL500_.jpg","1"
"board games","Toys & Games","Mattel Games UNO Family Card Game, with 112 Cards in a Travel-Friendly Box, Makes a Great Game for 7 Year Olds and Up","$6.00","$2.99 (33%)","33","https://www.amazon.ca/dp/B00CTH0A1Q?tag=lesdealsduw02-20&linkCode=osi&th=1&psc=1","https://m.media-amazon.com/images/I/51ACq6PmzcL._SL500_.jpg","1"
"books","Books","Atomic Habits: An Easy & Proven Way to Build Good Habits & Break Bad Ones","$24.29","$11.71 (33%)","33","https://www.amazon.ca/dp/0735211299?tag=lesdealsduw02-20&linkCode=osi&th=1&psc=1","https://m.media-amazon.com/images/I/419CqGgAdZL._SL500_.jpg","2"
"boxing","Sports & Fitness","TEKXYZ Boxing Reflex Ball, 2 Difficulty Levels Boxing Ball with Headband, Softer Than Tennis Ball, Perfect for Reaction, Agility, Punching Speed, Fight Skill and Hand Eye Coordination Training","$19.99","$10.00 (33%)","33","https://www.amazon.ca/dp/B078X8H61Q?tag=lesdealsduw02-20&linkCode=osi&th=1&psc=1","https://m.media-amazon.com/images/I/51U5zhG4EzL._SL500_.jpg","2"
"bracelets","Fashion & Accessories","SWAROVSKI Angelic Bracelet, Clear circle-cut Swarovski Crystals with Matching Crystal Pavé on a Rose-Gold Tone Finish Setting, Part of the Swarovski Angelic Collection","$187.25","$91.57 (33%)","33","https://www.amazon.ca/dp/B01KP0VO4A?tag=lesdealsduw02-20&linkCode=osi&th=1&psc=1","https://m.media-amazon.com/images/I/41xcec58tfL._SL500_.jpg","2"
"breakfast cereal","Food","Post Weetabix Whole Grain Breakfast Cereal, High in Fibre, Low in Fat, Non-GMO Project Verified, Regular Size 400g","$3.33 ($8.32 / kg)","$1.66 (33%)","33","https://www.amazon.ca/dp/B00E9TD5WI?tag=lesdealsduw02-20&linkCode=osi&th=1&psc=1","https://m.media-amazon.com/images/I/51VZ5UZuABL._SL500_.jpg","1"
"car accessories","Automotive","Miracase Phone Holder for Car Air Vent【Stability via Clip & Metal Hook】 Car Phone Holder Mount, 360°Cell Phone Holder Car Mount Fits iPhone 16 15 Pro Max 14 Samsung and All Phones","$19.99","$10.00 (33%)","33","https://www.amazon.ca/dp/B08B6B62QZ?tag=lesdealsduw02-20&linkCode=osi&th=1&psc=1","https://m.media-amazon.com/images/I/41iVXCVqBzL._SL500_.jpg","1"
"car seat cover","Automotive","ANOSOSPECIAL Dog Car Seat Cover for Back Seat Cover for Kids,Non Stick Fur Rear Seat Protector for Pet,Nonslip Waterproof Durable Universal Fit Interior Backseat Covers for Auto Van SUV","$39.86","$20.00 (33%)","33","https://www.amazon.ca/dp/B097MGLW5R?tag=lesdealsduw02-20&linkCode=osi&th=1&psc=1","https://m.media-amazon.com/images/I/61thpOmDh4S._SL500_.jpg","1"
"cereal","Food","Cap'N Crunch Original Cereal, 350 g","$3.33 ($9.51 / kg)","$1.64 (33%)","33","https://www.amazon.ca/dp/B015E0LLN0?tag=lesdealsduw02-20&linkCode=osi&th=1&psc=1","https://m.media-amazon.com/images/I/51C-Wtj9u-S._SL500_.jpg","1"
"dock station","Computers & Laptops","USB C Docking Station Dual Monitor USB-C Hub Multiport 14 in 1 Dongle Adapter with 2HDMI Displayport 100W PD Ethernet 6 USB Port Mic/Audio SD/TF Card Reader for Dell/HP/Lenovo/Surface Dock/Macbook Air","$67.99","$34.00 (33%)","33","https://www.amazon.ca/dp/B0C33FYXW9?tag=lesdealsduw02-20&linkCode=osi&th=1&psc=1","https://m.media-amazon.com/images/I/518M6yfmkPL._SL500_.jpg","1"
"facial steamer","Beauty & Health","Facial Steamer, ANLAN Professional Spa Home Nano Ionic Face Steamer, Facial Deep Cleaning Steamer, Warm Mist Moisturizing Humidifier Facial Steamer, Unique Design with Makeup Mirror, Adjustable Nozzle","$39.99","$20.00 (33%)","33","https://www.amazon.ca/dp/B0DDTNBCQT?tag=lesdealsduw02-20&linkCode=osi&th=1&psc=1","https://m.media-amazon.com/images/I/41cGbb2mFOL._SL500_.jpg","2"
"fashion","Fashion & Accessories","Double Sided Tape for Clothes, Body and Fashion Tape (75 Pack) | Clothing and Hem Adhesive for Women, No Sew No Iron, Strong Fabric Adhesive for Skin for All Shades and Sensitivity, Includes Tin Box","$9.99 ($0.13 / Count)","$5.00 (33%)","33","https://www.amazon.ca/dp/B0B2WCYDG2?tag=lesdealsduw02-20&linkCode=osi&th=1&psc=1","https://m.media-amazon.com/images/I/51Z1lDP4wKL._SL500_.jpg","1"
"gaming monitor","Gaming","LG 24MR41A 23.8” Full HD IPS Monitor with AMD FreeSync and 100Hz Refresh Rate","$99.99","$50.00 (33%)","33","https://www.amazon.ca/dp/B0CGW14MB4?tag=lesdealsduw02-20&linkCode=osi&th=1&psc=1","https://m.media-amazon.com/images/I/51ih95OqNwL._SL500_.jpg","2"
"gopro camera","Cameras & Photography","Action Camera 1080P Sports Camera 32GB Memory Card Action Cam 4xZoom 131ft Underwater Waterproof Cameras with 2 X Batteries and Multi-Function Accessory (A6B)","$29.00","$13.99 (33%)","33","https://www.amazon.ca/dp/B0F4D1K6P1?tag=lesdealsduw02-20&linkCode=osi&th=1&psc=1","https://m.media-amazon.com/images/I/51RFE4hRDnL._SL500_.jpg","2"
"hotspot","Networking & Connectivity","TP-Link Dual-Band WiFi 6 AX3000 Travel Router (TL-WR3002X) – Pocket-Sized, Multi-Gig, OpenVPN, WireGuard, USB 3.0, Phone Tethering, Public WiFi Sharing, Hotel/Cruise Ready, Multi-Mode","$79.99","$40.00 (33%)","33","https://www.amazon.ca/dp/B0DY8K122V?tag=lesdealsduw02-20&linkCode=osi&th=1&psc=1","https://m.media-amazon.com/images/I/41O2lueo7pL._SL500_.jpg","2"
"infant shoes","Baby","Clowora Baby Unisex Shoes, Pink, Size 0 Months, Walker Shoes, Athletic Sneakers, Non-Slip & Anti-Collision, Modern Design, C11 Model","$12.12","$5.87 (33%)","33","https://www.amazon.ca/dp/B0CKHBHMW1?tag=lesdealsduw02-20&linkCode=osi&th=1&psc=1","https://m.media-amazon.com/images/I/31osqSJB9PL._SL500_.jpg","1"
"kitchen organizer","Kitchen","Housolution Pot and Pan Organizer Rack for Cabinet, Expandable Pot Lid Organizer with 14 Adjustable Dividers, Pan Holder Storage Rack for Kitchen Cabinet, Black","$26.99 ($0.51 / gram)","$13.00 (33%)","33","https://www.amazon.ca/dp/B094JBXLWM?tag=lesdealsduw02-20&linkCode=osi&th=1&psc=1","https://m.media-amazon.com/images/I/41oSb2qUibL._SL500_.jpg","1"
"lego","Toys & Games","LEGO Creator 3 in 1 Playful Cat Toy - Building Toy with 3 Building Options, Cat, Dog, or Pigeon - Animal Figures for Kids, Girls and Boys, Ages 8+ - Gift Idea for Birthday - 31163","$19.98","$10.01 (33%)","33","https://www.amazon.ca/dp/B0DJ19581W?tag=lesdealsduw02-20&linkCode=osi&th=1&psc=1","https://m.media-amazon.com/images/I/41xHit8BLcL._SL500_.jpg","1"
"led strip lights","Home","Keepsmile 100ft Led Strip Lights (2 Rolls of 50ft) Bluetooth App Control Led Lights Strip with Remote Music Sync Color Changing RGB Led Lights for Bedroom Room Home Christmas Decor (Lumiere Led 30M)","$19.99","$10.00 (33%)","33","https://www.amazon.ca/dp/B0CH9SD1DL?tag=lesdealsduw02-20&linkCode=osi&th=1&psc=1","https://m.media-amazon.com/images/I/51xO7ZL-sVL._SL500_.jpg","1"
"men clothing","Mens clothing","Boladeci Rash Guard Men Swim Shirts Long Sleeve UPF 50+ UV Protection Clothing SPF Sun Shirts Block Sun-Screen T-Shirts Tops for Men Hiking Water Fishing Black","$19.99","$9.99 (33%)","33","https://www.amazon.ca/dp/B087J9WMB9?tag=lesdealsduw02-20&linkCode=osi&th=1&psc=1","https://m.media-amazon.com/images/I/31ScRyr4y0L._SL500_.jpg","2"
"mesh wifi","Networking & Connectivity","TP-Link Deco AX3000 WiFi 6 Mesh System (Deco X50) - Covers up to 6,500 Sq.Ft, Replaces Wireless Router and Extender, 3 Gigabit Ports per Unit, Supports Ethernet Backhaul, 3-Pack","$219.99","$110.00 (33%)","33","https://www.amazon.ca/dp/B09VVV18D9?tag=lesdealsduw02-20&linkCode=osi&th=1&psc=1","https://m.media-amazon.com/images/I/31p7uw9MKBL._SL500_.jpg","1"
"monitor arm","Computers & Laptops","HUANUO Single Monitor Mount Stand, Long Single Arm Gas Spring Monitor Desk Mount for 13 to 40 inch Computer Screens Height Adjustable with Clamp/Grommet Mounting Base - Holds up to 26.4 lbs","$79.99","$40.00 (33%)","33","https://www.amazon.ca/dp/B0834NKX6R?tag=lesdealsduw02-20&linkCode=osi&th=1&psc=1","https://m.media-amazon.com/images/I/41jK973I-lL._SL500_.jpg","2"
"monitor stand","Computers & Laptops","VIVO STAND-V002F Dual LED LCD Monitor Free-Standing Desk Stand for 2 Screens up to 27 Inch Heavy-Duty Fully Adjustable Arms with Max VESA 100x100mm","$37.52","$18.47 (33%)","33","https://www.amazon.ca/dp/B00C5H5DN0?tag=lesdealsduw02-20&linkCode=osi&th=1&psc=1","https://m.media-amazon.com/images/I/31d5KLDxtML._SL500_.jpg","2"
"nas","Computers & Laptops","UGREEN 5 Bay USB C RAID Hard Drive Enclosure 100TB for 3.5 2.5 Inch SSD HDD, Disk Array Support RAID0 RAID1 RAID10 RAID3 RAID5 Clone PM Large Mode, S.M.A.R.T, with 12V Power Adapter and USB C Cable","$199.99","$100.00 (33%)","33","https://www.amazon.ca/dp/B0CRHMQ16T?tag=lesdealsduw02-20&linkCode=osi&th=1&psc=1","https://m.media-amazon.com/images/I/31iNm5O2ODL._SL500_.jpg","1"
"notebooks","School & Stationery","Hilroy 1-Subject Coil Notebook, 8"" x 10.5"", Quad Ruled, 200 Pages/100 Sheets, 1 Notebook, Colour May Vary (13009)","$3.98","$2.00 (33%)","33","https://www.amazon.ca/dp/B003M5V49G?tag=lesdealsduw02-20&linkCode=osi&th=1&psc=1","https://m.media-amazon.com/images/I/41qzWzAzhFL._SL500_.jpg","1"
"outdoor rug","Outdoor","OPPODREAM Outdoor Rug 5x8 Ft, Waterproof Outdoor Plastic Straw Rug for Patio, Reversible Out Door Carpet for Camping, Deck, Rv, 5 x 8 Area Carpet Balcony, Porch, Backyard, Black and Beige","$26.99","$13.00 (33%)","33","https://www.amazon.ca/dp/B0DN9XQZ2C?tag=lesdealsduw02-20&linkCode=osi&th=1&psc=1","https://m.media-amazon.com/images/I/61-jVlvAIrL._SL500_.jpg","1"
"portable power station","Power & Chargers","EF ECOFLOW RIVER 2 240 Portable Power Station, 243Wh LiFePO4 Battery, 1 Hour Fast Charging, 2 AC Outlets with Surge up to 600W, Suitable for Outdoor Camping, RVs, and Home Use","$199.00","$100.00 (33%)","33","https://www.amazon.ca/dp/B0D83VZTNY?tag=lesdealsduw02-20&linkCode=osi&th=1&psc=1","https://m.media-amazon.com/images/I/31QoGA82PfL._SL500_.jpg","2"
"portable speaker","Audio","Anker Soundcore 2 Portable Bluetooth Speaker with 12W Stereo Sound, Bluetooth 5, Bassup, IPX7 Waterproof, 24-Hour Playtime, Wireless Stereo Pairing, Speaker for Home, Outdoors, Travel","$47.00","$22.99 (33%)","33","https://www.amazon.ca/dp/B01MTB55WH?tag=lesdealsduw02-20&linkCode=osi&th=1&psc=1","https://m.media-amazon.com/images/I/4156XclY4QL._SL500_.jpg","1"
"power strip","Power & Chargers","Power Strip Surge Protector - Addtam 10Ft Long Extension Cord with 6 Outlets and 4 USB Ports(2USB C), Flat Plug Overload Surge Protection Outlet Strip, Wall Mount for Home, Office and More","$21.98","$11.01 (33%)","33","https://www.amazon.ca/dp/B08S373JNY?tag=lesdealsduw02-20&linkCode=osi&th=1&psc=1","https://m.media-amazon.com/images/I/31GxjiRWcpL._SL500_.jpg","1"
"projector","Cameras & Photography","[270°Adjustable Stand] Mini Projector with 5G WiFi and Bluetooth, WiMiUS S27 Portable Projector 1080P, 200"" Screen Bluetooth Projector, Auto Keystone Outdoor Projector for Phone/TV Stick/HDMI/PS5","$134.99","$65.00 (33%)","33","https://www.amazon.ca/dp/B0CB5K4SGH?tag=lesdealsduw02-20&linkCode=osi&th=1&psc=1","https://m.media-amazon.com/images/I/51YAG-6Z56L._SL500_.jpg","1"
"running shoes women","Shoes","New Balance Women's Fresh Foam 680 V8 Running Shoe, Sunfade Red/Drift Red/Silver Metallic, 8 M","$79.98","$40.01 (33%)","33","https://www.amazon.ca/dp/B0D1LL11PC?tag=lesdealsduw02-20&linkCode=osi&th=1&psc=1","https://m.media-amazon.com/images/I/3154nb-11fL._SL500_.jpg","1"
"smart home devices","Smart Home","Amazon Echo Show 5 (newest model), Smart display with deeper bass and clearer sound, Charcoal","$79.99","$40.00 (33%)","33","https://www.amazon.ca/dp/B09B2SBHQK?tag=lesdealsduw02-20&linkCode=osi&th=1&psc=1","https://m.media-amazon.com/images/I/41tcx4sZ2qL._SL500_.jpg","1"
"smart speaker","Smart Home","Amazon Echo Show 5 (newest model), Smart display with deeper bass and clearer sound, Cloud Blue","$79.99","$40.00 (33%)","33","https://www.amazon.ca/dp/B09B2SRGXH?tag=lesdealsduw02-20&linkCode=osi&th=1&psc=1","https://m.media-amazon.com/images/I/41znjJyyuXL._SL500_.jpg","1"
"soundbar","Audio","Yamaha SR-B30A Dolby Atmos Sound Bar for TV with Built-in Bluetooth, Built-in Subwoofer, HDMI Capable, HDMI ARC, Optical Input, (2024) Model","$299.00","$149.87 (33%)","33","https://www.amazon.ca/dp/B0CCCZS73P?tag=lesdealsduw02-20&linkCode=osi&th=1&psc=1","https://m.media-amazon.com/images/I/214KM8YxELL._SL500_.jpg","2"
"summer","Events","The Complete Summer I Turned Pretty Trilogy (Boxed Set): The Summer I Turned Pretty; It's Not Summer Without You; We'll Always Have Summer","$32.90","$16.09 (33%)","33","https://www.amazon.ca/dp/1442498323?tag=lesdealsduw02-20&linkCode=osi&th=1&psc=1","https://m.media-amazon.com/images/I/51ihGwRXHZL._SL500_.jpg","2"
"tools","Home","Endoscope Camera with Light, Borescope Camera with 4.3"" IPS Screen, 1080P HD with 8 LED Lights, 16.4FT Semi-Rigid Cord Bore Scope, IP67 Waterproof Endoscope Cool Gadgets for Men","$39.99","$20.00 (33%)","33","https://www.amazon.ca/dp/B0C3R381FC?tag=lesdealsduw02-20&linkCode=osi&th=1&psc=1","https://m.media-amazon.com/images/I/51v-Aq6UvRL._SL500_.jpg","1"
"usb-c hub","Computers & Laptops","Atzeste 7 in 1 USB C Hub, USB C Adapter with 4K HDMI, 100W PD, 3 5Gbps Data Ports(1 USB-C & 2 USB 3.0), TF/SD Card Reader, USB Hub for Laptop, MacBook Pro/Air/Mac/Dell/HP/ASUS/Acer/Steam Deck","$9.99","$5.00 (33%)","33","https://www.amazon.ca/dp/B0DLNN9HSJ?tag=lesdealsduw02-20&linkCode=osi&th=1&psc=1","https://m.media-amazon.com/images/I/41nbkM3EFGL._SL500_.jpg","2"
"vacuum bags","Home","Vacuum Storage Bags 8 Jumbo, Space Saver Bags with Travel Hand Pump, Compression Airtight Sealer Bags for Clothes, Bedding, Pillows, Comforters, Blankets","$19.99 ($2.50 / count)","$10.00 (33%)","33","https://www.amazon.ca/dp/B07CG9GBS4?tag=lesdealsduw02-20&linkCode=osi&th=1&psc=1","https://m.media-amazon.com/images/I/51UM2HZfntL._SL500_.jpg","1"
"air purifier","Home","Jafanda Air Purifiers for Home bedroom,H13 True HEPA Coverage 450 sqft,23 dB Air cleaner with Brushless Motor,Effectively Remove Pollen Dust and Odor to Prevent Seasonal Air Diseases,Night Light","$58.89","$28.10 (32%)","32","https://www.amazon.ca/dp/B09XHLKKTS?tag=lesdealsduw02-20&linkCode=osi&th=1&psc=1","https://m.media-amazon.com/images/I/41mMob9nMyL._SL500_.jpg","2"
"amazon brand products","General","Amazon Basics Fabric Markers","$6.99","$3.24 (32%)","32","https://www.amazon.ca/dp/B09MS59NGN?tag=lesdealsduw02-20&linkCode=osi&th=1&psc=1","https://m.media-amazon.com/images/I/414psgci6tL._SL500_.jpg","1"
"books","Books","The Housemaid","$16.99","$8.00 (32%)","32","https://www.amazon.ca/dp/1538742578?tag=lesdealsduw02-20&linkCode=osi&th=1&psc=1","https://m.media-amazon.com/images/I/51sx4eLa6NL._SL500_.jpg","1"
"car mobile holder","Automotive","Miracase Car Phone Mount, [2025 Upgraded Strong Military Grade Suction Cup] Long Arm Phone Holder for Car Dashboard Windshield Vent, Hands Free Cell Phone Holder Compatible with All Mobile Phones","$22.49","$10.50 (32%)","32","https://www.amazon.ca/dp/B0CB1C69BY?tag=lesdealsduw02-20&linkCode=osi&th=1&psc=1","https://m.media-amazon.com/images/I/51yoma5g89L._SL500_.jpg","1"
"children toys","Toys & Games","JOYIN Rock Painting Kit- Glow in The Dark Rock Kit, Easter Gift Toy, Arts and Crafts for Kids Ages 6-12, Art Supplies Toy, Kids Craft Paint Kits, Toys for Boys Girls 3 4 5 6 7 8 9 10，Birthday Party Gift","$18.99","$9.00 (32%)","32","https://www.amazon.ca/dp/B08HD89CX6?tag=lesdealsduw02-20&linkCode=osi&th=1&psc=1","https://m.media-amazon.com/images/I/51OJTZjUlKL._SL500_.jpg","1"
"dock station","Computers & Laptops","UGREEN Docking Station, Revodok Pro 207 USB C Hub (7 in 1) with Dual 4k HDMI, 2*USB A&C 10Gbps Date Transfers, PD 100W, USB C Dock for ThinkPad, iPad Pro, XPS, HP Laptopsand More","$33.99","$16.00 (32%)","32","https://www.amazon.ca/dp/B0D1XSKZRJ?tag=lesdealsduw02-20&linkCode=osi&th=1&psc=1","https://m.media-amazon.com/images/I/41e9eAIvbjL._SL500_.jpg","1"
"lego","Toys & Games","LEGO Speed Champions McLaren F1 Team MCL38 Race Car Toy - Building Set for Kids, Boys & Girls, Ages 10+ - Toy Car for F1 Fans - Gift Idea for Birthday - 77251","$23.74","$11.25 (32%)","32","https://www.amazon.ca/dp/B0DHLGFRV3?tag=lesdealsduw02-20&linkCode=osi&th=1&psc=1","https://m.media-amazon.com/images/I/51iUNy8IwNL._SL500_.jpg","2"
"mobile accessories","Smartphones","YOTOCversion 1.7 Meter/67 inch Phone Tripod Stand & Bluetooth Selfie Stick Tripod, Cellphone Tripod with Bluetooth Remote, Compatible with iPhone 16/15/14/13/12/12 pro/11/11pro/8","$16.99","$8.00 (32%)","32","https://www.amazon.ca/dp/B076HJTVYN?tag=lesdealsduw02-20&linkCode=osi&th=1&psc=1","https://m.media-amazon.com/images/I/313GZYXQkiL._SL500_.jpg","1"
"monitor arm","Computers & Laptops","HUANUO Dual Monitor Mount-Monitor Stand with C Clamp/Grommet Mounting Base up to 32 Inch Computer Screens,Adjustable Spring Dual Monitor Arm with VESA - Each Arm Holds 4.4 to 19.8lbs","$87.99","$42.00 (32%)","32","https://www.amazon.ca/dp/B07T4KB7H4?tag=lesdealsduw02-20&linkCode=osi&th=1&psc=1","https://m.media-amazon.com/images/I/41ETt6QMcDL._SL500_.jpg","1"
"noise cancelling headphones","Audio","JBL Tune 770NC - Adaptive Noise Cancelling with Smart Ambient Wireless Over-Ear Headphones, Bluetooth 5.3, Up to 70H Battery Life with Speed Charge, Lightweight, Comfortable & Foldable Design (Black)","$129.98","$60.00 (32%)","32","https://www.amazon.ca/dp/B0CT9XTKKM?tag=lesdealsduw02-20&linkCode=osi&th=1&psc=1","https://m.media-amazon.com/images/I/31c19bUnr1L._SL500_.jpg","1"
"orange juice","Food","Sunny D Smooth Orange Juice, 1.89lt","$14.99 ($7.93 / l)","$7.00 (32%)","32","https://www.amazon.ca/dp/B0DYV1ZG6R?tag=lesdealsduw02-20&linkCode=osi&th=1&psc=1","https://m.media-amazon.com/images/I/416RUJQAiFL._SL500_.jpg","2"
"party decorations","Events","BRAVESHINE Pink Glitter Tinsel Foil Fringe Curtain - 2 Pcs 3.2x8.2 ft Metallic Party Supplies Photo Backdrop for Girl Princess Birthday Unicorn Bachelorette Butterfly Bridal Shower Party Decorations","$12.98","$6.01 (32%)","32","https://www.amazon.ca/dp/B08MCVC5T7?tag=lesdealsduw02-20&linkCode=osi&th=1&psc=1","https://m.media-amazon.com/images/I/61ON-aURwxL._SL500_.jpg","1"
"pet supplies","Home","ACE2ACE Dog Brush, Cat Brush for Shedding Long and Short Haired, Self-Cleaning Dog Slicker Brush, Removes Loose Fur for Puppy, Cockapoo, Labrador, Golden Retriever, Pomeranian, Poodle, Rabbits, Blue","$16.99","$8.00 (32%)","32","https://www.amazon.ca/dp/B08881PMQB?tag=lesdealsduw02-20&linkCode=osi&th=1&psc=1","https://m.media-amazon.com/images/I/51mOqtNztxL._SL500_.jpg","1"
"streaming device","TV & Video","Amazon Fire TV Stick 4K Max streaming device, Wi-Fi 6, Alexa Voice Remote (includes TV controls)","$51.14","$23.85 (32%)","32","https://www.amazon.ca/dp/B08MR2C1T7?tag=lesdealsduw02-20&linkCode=osi&th=1&psc=1","https://m.media-amazon.com/images/I/31scHodxT+L._SL500_.jpg","2"
"student laptop","Computers & Laptops","Gateway (by Acer) Chromebook Laptop | 14"" FHD 1920x1080 | TN Chromebook | Intel Celeron N4500 | 4GB LPDDR4X RAM | 64GB eMMC | Chrome OS | CBO314-1H-C3AX","$199.00","$92.92 (32%)","32","https://www.amazon.ca/dp/B0CY3H3LP4?tag=lesdealsduw02-20&linkCode=osi&th=1&psc=1","https://m.media-amazon.com/images/I/316dUdpsNAL._SL500_.jpg","2"
"tumblers","Home","Simple Modern 40 oz Trek Tumbler with Handle and Straw | Insulated Stainless Steel Water Bottle Iced Coffee Cup Travel Mug | 40 oz | Lavender Mist","$29.29","$13.70 (32%)","32","https://www.amazon.ca/dp/B0BHC14143?tag=lesdealsduw02-20&linkCode=osi&th=1&psc=1","https://m.media-amazon.com/images/I/31RnyTIJw6L._SL500_.jpg","1"
"water bottle","Home","QLUR Water Bottle with Straw, 32oz Sports Motivational Water Bottle with Time Markings to Drink & Carry Strap & Clean Brush, 1L, Tritan, BPA Free, LeakProof for Women Men Gym Fitness Outdoor (1 Pack)","$16.99","$8.00 (32%)","32","https://www.amazon.ca/dp/B0CDQ81X9T?tag=lesdealsduw02-20&linkCode=osi&th=1&psc=1","https://m.media-amazon.com/images/I/41eXyMJQu9L._SL500_.jpg","1"
"whiteboard","School & Stationery","Amazon Basics 24"" x 36"" Monthly Whiteboard Calendar with Cork Board, Wall Mounted, Easy to Install, Silver Aluminum Frame","$47.28","$22.43 (32%)","32","https://www.amazon.ca/dp/B07K67RL18?tag=lesdealsduw02-20&linkCode=osi&th=1&psc=1","https://m.media-amazon.com/images/I/41JY6JyU04S._SL500_.jpg","2"
"wireless headphones","Audio","Beats Solo 4 - Wireless Bluetooth On-Ear Headphones, Apple & Android Compatible, Up to 50 Hours of Battery Life - Matte Black","$189.94","$90.00 (32%)","32","https://www.amazon.ca/dp/B0CZPLV566?tag=lesdealsduw02-20&linkCode=osi&th=1&psc=1","https://m.media-amazon.com/images/I/31NEn54gv5L._SL500_.jpg","2"
"wrestling","Sports & Fitness","Mattel WWE Knuckle Crunchers Rebound Ring Playset, Includes 2.5-inch Seth Rollins Action Figure with Crunching Joints, Accessories & Flex Mat Technology","$27.04","$12.95 (32%)","32","https://www.amazon.ca/dp/B0D5DM8KBS?tag=lesdealsduw02-20&linkCode=osi&th=1&psc=1","https://m.media-amazon.com/images/I/412A3yrl75L._SL500_.jpg","2"
"ballpoint pen","School & Stationery","Paper Mate InkJoy 300RT Retractable Ballpoint Pens, Medium Point (1.0 mm), Assorted, 8 Count","$4.50","$2.02 (31%)","31","https://www.amazon.ca/dp/B01EBAN17I?tag=lesdealsduw02-20&linkCode=osi&th=1&psc=1","https://m.media-amazon.com/images/I/510rhqpfH8L._SL500_.jpg","1"
"bicycle","Sports & Fitness","Gyrocopters Rizz Electric Bike for Adults/Teens | UL2849 Safe Folding Ebike | Peak 400W Brushless Motor 14*2 Inch Tires | Speed upto 25Km/h Range upto 55Km | Light E-bike, SMART ANTI-THEFT GPS TRACKER","$549.95","$250.00 (31%)","31","https://www.amazon.ca/dp/B0CWSD23X8?tag=lesdealsduw02-20&linkCode=osi&th=1&psc=1","https://m.media-amazon.com/images/I/41tTUdamwyL._SL500_.jpg","2"
"boxing","Sports & Fitness","2025 New Smart Music Boxing Machine with Premium Boxing Gloves, Bluetooth Training Machine with LED Electronic Wall Mounted, Home Workout Boxing Target Machine for Adults and Kids","$60.99","$27.00 (31%)","31","https://www.amazon.ca/dp/B0D2HL9BX3?tag=lesdealsduw02-20&linkCode=osi&th=1&psc=1","https://m.media-amazon.com/images/I/51hUoxHcrwL._SL500_.jpg","2"
"fan","Home","Grelife Tower Fan, Mechanical Controls, 3 Speed Settings, 90° Oscillation - 14 Inch, Quiet, Space-Saving, Bladeless Cooling Fan for Bedroom, Home, and Office","$37.99","$17.00 (31%)","31","https://www.amazon.ca/dp/B0DQW9DMMZ?tag=lesdealsduw02-20&linkCode=osi&th=1&psc=1","https://m.media-amazon.com/images/I/416qad4qupL._SL500_.jpg","2"
"feeding bib","Baby","Tiny Twinkle - Mess-proof Easy Bib 3 Pack - Unicorn, Rainbow, Burgundy","$13.71","$6.28 (31%)","31","https://www.amazon.ca/dp/B08SYGJS45?tag=lesdealsduw02-20&linkCode=osi&th=1&psc=1","https://m.media-amazon.com/images/I/51iWC5JYeeL._SL500_.jpg","2"
"gaming monitor","Gaming","MSI MAG 275QF 27-inch 2K Gaming Monitor, 2560 x 1440 (UHD), 0.5ms Response Time, 180Hz, HDR Ready, HDMI, DP Port, Tilt Adjustable","$199.99","$90.00 (31%)","31","https://www.amazon.ca/dp/B0D68BYX1K?tag=lesdealsduw02-20&linkCode=osi&th=1&psc=1","https://m.media-amazon.com/images/I/41x09uNNhwL._SL500_.jpg","1"
"home gym equipment","Sports & Fitness","Upgraded Pilates Reformer Machine for Home Gym - Auto-Rebound Pilates Board with Abdominal Core Trainer for Core & Abdominal Strength - Full Body Exercise Equipment","$75.99","$34.00 (31%)","31","https://www.amazon.ca/dp/B0DDKC9Z34?tag=lesdealsduw02-20&linkCode=osi&th=1&psc=1","https://m.media-amazon.com/images/I/51IXXCeNZnL._SL500_.jpg","2"
"iphone case","Smartphones","QLTYPRI Compatible with iPhone 13 Case/iPhone 14 Case, Cute Curly Wave Frame Clear Case for Girls Women, Transparent Soft Silicone TPU Bumper Shockproof Protective Cover for iPhone 13/14 - White","$10.99","$5.00 (31%)","31","https://www.amazon.ca/dp/B0C13X2HD5?tag=lesdealsduw02-20&linkCode=osi&th=1&psc=1","https://m.media-amazon.com/images/I/41JxStcM0cL._SL500_.jpg","2"
"lego","Toys & Games","LEGO Classic Large Creative Brick Box 10698 Building Toy Set, Toy Storage Solution for Home or Classrooms, Interactive Building Toy for Kids, Boys, and Girls","$51.37","$23.62 (31%)","31","https://www.amazon.ca/dp/B00NHQF6MG?tag=lesdealsduw02-20&linkCode=osi&th=1&psc=1","https://m.media-amazon.com/images/I/51atYNUglzL._SL500_.jpg","1"
"memory foam pillow","Home","Linenspa Shredded Memory Foam Moldable, Fluffable, Customizable-Hypoallergenic-Standard, White 2 Pack Pillow","$21.33","$9.67 (31%)","31","https://www.amazon.ca/dp/B07MX77L41?tag=lesdealsduw02-20&linkCode=osi&th=1&psc=1","https://m.media-amazon.com/images/I/21vRsQ4ljwL._SL500_.jpg","2"
"mesh wifi","Networking & Connectivity","TP-Link AC1900 WiFi Extender (RE550), Covers Up to 2800 Sq.ft and 35 Devices, 1900Mbps Dual Band Wireless Repeater, Internet Booster, Gigabit Ethernet Port","$54.97","$25.02 (31%)","31","https://www.amazon.ca/dp/B08TLT65WM?tag=lesdealsduw02-20&linkCode=osi&th=1&psc=1","https://m.media-amazon.com/images/I/31bA-kOGTZL._SL500_.jpg","2"
"microphone","Music","Fifine XLR/USB Dynamic Podcasting Microphone, Gaming Studio Computer PC Mic with RGB, Mute Button, Headphones Jack, Desktop Stand for Streaming Recording Vocal VoiceOver YouTube Singing-AM8","$63.07","$28.22 (31%)","31","https://www.amazon.ca/dp/B0BXB1BZ85?tag=lesdealsduw02-20&linkCode=osi&th=1&psc=1","https://m.media-amazon.com/images/I/316TNBerdwL._SL500_.jpg","2"
"orange juice","Food","BOOST Fruit Flavoured Complete Nutrition Orange, 24 Boxes, 6.3 kg","$45.73 ($8.04 / l)","$20.10 (31%)","31","https://www.amazon.ca/dp/B096MBYMKH?tag=lesdealsduw02-20&linkCode=osi&th=1&psc=1","https://m.media-amazon.com/images/I/41P-8EhcX0L._SL500_.jpg","1"
"smart speaker","Smart Home","Amazon Echo Dot Kids (newest model), Designed for kids, with parental controls, Owl","$54.99","$25.00 (31%)","31","https://www.amazon.ca/dp/B09RX446DQ?tag=lesdealsduw02-20&linkCode=osi&th=1&psc=1","https://m.media-amazon.com/images/I/51bWBdFggHL._SL500_.jpg","2"
"summer","Events","Owala FreeSip Insulated Stainless Steel Water Bottle with Straw for Sports and Travel, BPA-Free, 24-oz, Red/Aqua (Summer Sweetness)","$28.99","$13.00 (31%)","31","https://www.amazon.ca/dp/B0BZYF1C1V?tag=lesdealsduw02-20&linkCode=osi&th=1&psc=1","https://m.media-amazon.com/images/I/217JfGmmB2L._SL500_.jpg","1"
"usb cable","Power & Chargers","Rankie USB 3.0 Cable, Type A to Type A, 6 Feet (Black)","$10.99","$5.00 (31%)","31","https://www.amazon.ca/dp/B01KRO8D20?tag=lesdealsduw02-20&linkCode=osi&th=1&psc=1","https://m.media-amazon.com/images/I/41PrRyhOv7L._SL500_.jpg","1"
"video games","Gaming","Split Fiction Playstation 5","$44.99","$19.97 (31%)","31","https://www.amazon.ca/dp/B0DQF6GRT8?tag=lesdealsduw02-20&linkCode=osi&th=1&psc=1","https://m.media-amazon.com/images/I/51QROsPY4yL._SL500_.jpg","2"
"water bottle","Home","Owala FreeSip Insulated Stainless Steel Water Bottle with Straw for Sports and Travel, BPA-Free, 24-oz, Shy Marshmallow","$28.99","$13.00 (31%)","31","https://www.amazon.ca/dp/B085DV8T75?tag=lesdealsduw02-20&linkCode=osi&th=1&psc=1","https://m.media-amazon.com/images/I/31X3Q0H9YyL._SL500_.jpg","1"
"water bottle","Home","Simple Modern Water Bottle with Straw | Insulated Stainless Steel for Sports Gym | Summit Collection | 22oz | Forest","$21.53","$9.46 (31%)","31","https://www.amazon.ca/dp/B0BG1311KK?tag=lesdealsduw02-20&linkCode=osi&th=1&psc=1","https://m.media-amazon.com/images/I/31gDSR0724L._SL500_.jpg","2"
"womens shirts","Womens clothing","WNEEDU Womens Tops Summer T-Shirt Short Sleeve Crewneck Loose Fit Casual Basic Tee Tops 2025 New Floral White L","$13.71","$6.28 (31%)","31","https://www.amazon.ca/dp/B0C3R874G1?tag=lesdealsduw02-20&linkCode=osi&th=1&psc=1","https://m.media-amazon.com/images/I/41wz1jzO+kL._SL500_.jpg","2"
"air crisp fryer","Kitchen","Chefman TurboFry® Touch Air Fryer, XL 8-Qt (7.5L) Family Size, One-Touch Digital Control Presets, French Fries, Chicken, Meat, Fish, Nonstick Dishwasher-Safe Parts, Automatic Shutoff, Stainless Steel","$84.99","$36.50 (30%)","30","https://www.amazon.ca/dp/B08DKYBTPH?tag=lesdealsduw02-20&linkCode=osi&th=1&psc=1","https://m.media-amazon.com/images/I/41LCWvABsqL._SL500_.jpg","2"
"air fragrance","Home","3 Pack Fragrance Reed Diffuser, 50ML Lavender Jasmine Lemongrass Aromatherapy Diffuser Set with 12 Black Fiber Sticks,Air Freshener for Bedroom Bathroom Office, 8.2X 6.6X 2.1 inch","$25.19","$10.80 (30%)","30","https://www.amazon.ca/dp/B09MYCXMVP?tag=lesdealsduw02-20&linkCode=osi&th=1&psc=1","https://m.media-amazon.com/images/I/41G3wxiW3lL._SL500_.jpg","1"
"apple earbuds","Audio","JBL Endurance Race Waterproof True Wireless Active Sport Earbuds, with Microphone, 30H Battery Life, Comfortable, dustproof, Android and Apple iOS Compatible (Blue)","$69.98","$30.00 (30%)","30","https://www.amazon.ca/dp/B09FTK4JJJ?tag=lesdealsduw02-20&linkCode=osi&th=1&psc=1","https://m.media-amazon.com/images/I/31Ie2v8EkbL._SL500_.jpg","2"
"baby monitor","Baby","BOIFUN Split Screen Video Baby Monitor WiFi, 2 Cameras, Phone APP Control & LCD Monitor, 4.3'' 4X Zoom, AI Motion & Sound Detection, 1080P Wireless (Moniteur Bébé), Area Alarm, Video Recording","$69.99","$30.00 (30%)","30","https://www.amazon.ca/dp/B0D5M925YR?tag=lesdealsduw02-20&linkCode=osi&th=1&psc=1","https://m.media-amazon.com/images/I/41Quil0+B2L._SL500_.jpg","2"
"beauty products","Beauty & Health","Under Eye Mask for Puffy Eyes & Dark Circles – BREYLEE Rose Eye Mask – 60 Pcs Eye Patches with Caffeine & Collagen – Reduce Wrinkles & Fine Lines – Best Undereye Patch Treatment","$20.99 ($0.35 / count)","$9.00 (30%)","30","https://www.amazon.ca/dp/B0BXSWYZQY?tag=lesdealsduw02-20&linkCode=osi&th=1&psc=1","https://m.media-amazon.com/images/I/51-bRREOiCL._SL500_.jpg","2"
"books","Books","One Golden Summer","$18.86","$8.09 (30%)","30","https://www.amazon.ca/dp/0735247293?tag=lesdealsduw02-20&linkCode=osi&th=1&psc=1","https://m.media-amazon.com/images/I/4135NlN5MzL._SL500_.jpg","1"
"books","Books","The 48 Laws of Power","$24.66","$10.34 (30%)","30","https://www.amazon.ca/dp/0140280197?tag=lesdealsduw02-20&linkCode=osi&th=1&psc=1","https://m.media-amazon.com/images/I/31hSni7bS6L._SL500_.jpg","2"
"boxing gloves","Sports & Fitness","Everlast Elite 2 Boxing Gloves – Secure Fit, Impact Absorption, Breathable, Wrist Support, Splint-Style Foam – Adult Size, Great for Boxing, Sparring, Heavy Bag Workouts, Mitt Work","$45.49","$19.50 (30%)","30","https://www.amazon.ca/dp/B0CKSL38LC?tag=lesdealsduw02-20&linkCode=osi&th=1&psc=1","https://m.media-amazon.com/images/I/31opFjrezCL._SL500_.jpg","1"
"boxing gloves","Sports & Fitness","Everlast Powerlock 2R Training Glove - Black - 16 oz","$52.49","$22.50 (30%)","30","https://www.amazon.ca/dp/B09GFDHDW1?tag=lesdealsduw02-20&linkCode=osi&th=1&psc=1","https://m.media-amazon.com/images/I/31TxY-ImnvL._SL500_.jpg","1"
"boxing gloves","Sports & Fitness","Everlast Core Everstrike Gloves - Cross-Functional Design, Multi-Layered Padding, Secure Fist Position, Ventilated Palms, Padded Thumbs, Finger Pull Tabs - Great for Training, Boxing, MMA, Fitness","$34.99","$15.00 (30%)","30","https://www.amazon.ca/dp/B0C5D96C8P?tag=lesdealsduw02-20&linkCode=osi&th=1&psc=1","https://m.media-amazon.com/images/I/319YIo1oMUL._SL500_.jpg","2"
"camping equipment","Outdoor","Outmate Premium Aluminum D-Ring Locking Carabiners (Pack of 6) - Lightweight & Durable for Hiking, Camping, Keychains, Dog Leashes & More - NOT for Climbing","$13.95","$6.00 (30%)","30","https://www.amazon.ca/dp/B01GA3N9MQ?tag=lesdealsduw02-20&linkCode=osi&th=1&psc=1","https://m.media-amazon.com/images/I/51F3krb4kiL._SL500_.jpg","1"
"car charger","Automotive","LISEN 2-Pack USB C Car Charger 54W Car Cigarette Lighter USB Charger[Mini&Metal] Fast Charge USBC Fast Car Charger Adapter for iPhone 16 15 14 Pro Max Plus 13 12, iPad Pro, Back to School","$17.49","$7.50 (30%)","30","https://www.amazon.ca/dp/B0BS3TPC6B?tag=lesdealsduw02-20&linkCode=osi&th=1&psc=1","https://m.media-amazon.com/images/I/41OMGQVhSiL._SL500_.jpg","1"
"carnival","Events","JAPBOR 24pcs Carnival Coloring Books for Kids, Circus Carnivals Party Favors Color Pages Drawing Booklet Supplies, Showman Themed DIY Art Doodle Colouring Book Bulk Painting Games Goodie Bag Fillers","$15.99","$7.00 (30%)","30","https://www.amazon.ca/dp/B0BM9WF2PB?tag=lesdealsduw02-20&linkCode=osi&th=1&psc=1","https://m.media-amazon.com/images/I/61xxkSOQkSL._SL500_.jpg","2"
"deals","General","WALNEW RFID Blocking Passport Holder Travel Wallet Cover Case","$13.99","$6.00 (30%)","30","https://www.amazon.ca/dp/B07KYC3C7Z?tag=lesdealsduw02-20&linkCode=osi&th=1&psc=1","https://m.media-amazon.com/images/I/51rR4RVbYRL._SL500_.jpg","1"
"electric piano","Music","Donner DEP-1 Digital Piano 88 Keys Velocity-Sensitive, Beginner Digital Piano Keyboard with Sustain Pedal, Stand, Carrying Case and Keyboard Stickers","$189.99","$80.00 (30%)","30","https://www.amazon.ca/dp/B0CWGK6V3D?tag=lesdealsduw02-20&linkCode=osi&th=1&psc=1","https://m.media-amazon.com/images/I/41kp+pJg5SL._SL500_.jpg","1"
"ethernet cable","Networking & Connectivity","Cat 8 Ethernet Cable 50FT, BUSOHE 40Gbps 2000Mhz High Speed Braided Network Internet Cable with Gold Plated RJ45 Connector, Heavy Duty Patch Cord LAN Cable 30 Clips,S/FTP Indoor for Router/Gaming/PC","$25.89 ($0.04 / Inch)","$11.10 (30%)","30","https://www.amazon.ca/dp/B0BQ6PQ8VX?tag=lesdealsduw02-20&linkCode=osi&th=1&psc=1","https://m.media-amazon.com/images/I/51j6xN+btBL._SL500_.jpg","2"
"fan","Home","Personal Desk Fan, Tower Fan, Personal Desk Fan, 80° Oscillating Fan with 3 Speed Adjustable Remote Control, Timer, Fan","$34.99","$15.00 (30%)","30","https://www.amazon.ca/dp/B0F9YTTH6G?tag=lesdealsduw02-20&linkCode=osi&th=1&psc=1","https://m.media-amazon.com/images/I/31se7rfUiWL._SL500_.jpg","1"
"flute","Music","Juspins Western Concert Flute Cupronickel Nicke Plated 16 Holes C Key Woodwind Instrument with Cleaning Cloth Stick Gloves Mini Screwdriver Padded Case Black","$69.89","$30.10 (30%)","30","https://www.amazon.ca/dp/B09M8NMQWM?tag=lesdealsduw02-20&linkCode=osi&th=1&psc=1","https://m.media-amazon.com/images/I/41B17N0DpzL._SL500_.jpg","2"
"gaming monitor","Gaming","KOORUI 24 Inch IPS Gaming Monitor, FHD 1920×1080p, 165Hz 200Hz Monitors, 1ms with Adaptive Sync, DCI-P3 90% Color Gamut, HDR400, 2 x HDMI 2.0, DisplayPort 1.4, Tilt Adjustable, G2411P","$139.99","$60.00 (30%)","30","https://www.amazon.ca/dp/B0BCDD4KTK?tag=lesdealsduw02-20&linkCode=osi&th=1&psc=1","https://m.media-amazon.com/images/I/51p7CFti+aL._SL500_.jpg","1"
"gaming monitor","Gaming","ASUS TUF Gaming 27” 1080P Curved Monitor (VG27VQM1B) – Full HD, 1500R, 280Hz, 1ms, Extreme Low Motion Blur, FreeSync Premium, Shadow Boost, Eye Care, 90% DCI-P3, DisplayWidget Center, 3 yr Warranty","$209.99","$89.01 (30%)","30","https://www.amazon.ca/dp/B0CZWT9782?tag=lesdealsduw02-20&linkCode=osi&th=1&psc=1","https://m.media-amazon.com/images/I/41bxpunb4jL._SL500_.jpg","2"
"home decor","Home","Bedsure Throw Blanket Living Room Home Decor- Gift for Mom Women Men, Soft Fluffy Fleece Cozy Fuzzy Plush Warm White Couch Bed Blanket, Bedroom Summer Decor Gifts for Him Her, 50x60","$18.99","$8.00 (30%)","30","https://www.amazon.ca/dp/B0BPLB81LX?tag=lesdealsduw02-20&linkCode=osi&th=1&psc=1","https://m.media-amazon.com/images/I/31QjxksQPuL._SL500_.jpg","1"
"humidifier","Home","Honeywell HUL520WC MistMate™ Ultrasonic Cool Mist Humidifier, White, with Adjustable Mist Control, Auto Shut-off, Ultra Quiet Operation, Visible Cool Mist","$38.39","$16.60 (30%)","30","https://www.amazon.ca/dp/B00LXB1K9K?tag=lesdealsduw02-20&linkCode=osi&th=1&psc=1","https://m.media-amazon.com/images/I/41cCPyniMlL._SL500_.jpg","1"
"iphone case","Smartphones","FABSPARK Phone Case for iPhone 13 Case,Simple Wave Design Wavy Frame Soft Silicone Aesthetic for iPhone 13,Wine Red","$11.19","$4.80 (30%)","30","https://www.amazon.ca/dp/B0CRD7W32J?tag=lesdealsduw02-20&linkCode=osi&th=1&psc=1","https://m.media-amazon.com/images/I/41JG-1SxPiL._SL500_.jpg","1"
"kitchen appliances","Kitchen","Chefman Electric Panini Press Grill and Gourmet Sandwich Maker w/ Non-Stick Coated Plates, Opens 180 Degrees to Fit Any Type or Size Food, Dishwasher Safe Removable Drip Tray, Stainless Steel/Black","$34.99","$15.00 (30%)","30","https://www.amazon.ca/dp/B01J1AWMFU?tag=lesdealsduw02-20&linkCode=osi&th=1&psc=1","https://m.media-amazon.com/images/I/41yj6OXFWvL._SL500_.jpg","1"
"kitchen organizer","Kitchen","Cicilyna 2 Pack Under Sink Organizer, 2 Tier Bathroom Cabinet Organizers and Storage with Hook, Multi-purpose Storage Basket Shelf for Kitchen, Black","$31.99 ($16.00 / Pack)","$14.00 (30%)","30","https://www.amazon.ca/dp/B0B7WYQ7RP?tag=lesdealsduw02-20&linkCode=osi&th=1&psc=1","https://m.media-amazon.com/images/I/51KnM2xPtmL._SL500_.jpg","1"
"led lamp","Home","2PCS RGB Floor Lamp, Corner Floor Lamp RGB Color Changing Corner Lamp LED Modern Floor Lights with Bluetooth APP and Remote Control Music Sync, 65"" RGB Mood Lighting 24H Timing 398+ DIY Modes","$69.99","$30.00 (30%)","30","https://www.amazon.ca/dp/B0CRK48H46?tag=lesdealsduw02-20&linkCode=osi&th=1&psc=1","https://m.media-amazon.com/images/I/41RleJ8C9zL._SL500_.jpg","2"
"laptop accessories","Computers & Laptops","Acer USB Hub 3.0, 4-Port Ultra Slim USB Adapter 2FT with Type-C 5V3A, USBA Splitter Extender for Laptop, Desktop, Mouse, Keyboard Compatible with Windows, Linux, Acer, Surface, Chromebook","$15.99","$7.00 (30%)","30","https://www.amazon.ca/dp/B0CN3F9Y1Z?tag=lesdealsduw02-20&linkCode=osi&th=1&psc=1","https://m.media-amazon.com/images/I/31fSlP9Rs+L._SL500_.jpg","2"
"memory foam pillow","Home","LINENSPA Ventilated Gel Memory Foam Pillow - Temperature Regulating Infusion - Neck Support - Breathable - Standard","$25.99","$11.40 (30%)","30","https://www.amazon.ca/dp/B08Z1MK658?tag=lesdealsduw02-20&linkCode=osi&th=1&psc=1","https://m.media-amazon.com/images/I/31-zQ9vZAJL._SL500_.jpg","1"
"noise cancelling headphones","Audio","INFURTURE Active Noise Cancelling Headphones, H1 Wireless Over Ear Bluetooth Headphones, Deep Bass Headset, Low Latency, Memory Foam Ear Cups,90H Playtime for Sports/Travel/Meditation/Audiobooks","$48.99","$21.00 (30%)","30","https://www.amazon.ca/dp/B08HDBZNZ9?tag=lesdealsduw02-20&linkCode=osi&th=1&psc=1","https://m.media-amazon.com/images/I/315bIPRwA2L._SL500_.jpg","2"
"nintendo switch","Gaming","Nintendo Switch - Animal Crossing: New Horizons Edition","$388.74","$163.59 (30%)","30","https://www.amazon.ca/dp/B084DDDNRP?tag=lesdealsduw02-20&linkCode=osi&th=1&psc=1","https://m.media-amazon.com/images/I/51Zxx2YLjRL._SL500_.jpg","2"
"paddleboards","Outdoor","FunWater Stand up Paddle Board Inflatable Non-Slip SUP Paddle Board Inflatable Paddleboard for Adults and Youth with Wide Stable Design","$195.49","$84.50 (30%)","30","https://www.amazon.ca/dp/B0D31D1TBJ?tag=lesdealsduw02-20&linkCode=osi&th=1&psc=1","https://m.media-amazon.com/images/I/51AU0DJt86L._SL500_.jpg","1"
"portable power station","Power & Chargers","EF ECOFLOW Portable Power Station River 2, 256Wh LiFeP04 Battery/ 1 Hour Fast Charging, 2 Up to 600W AC Outlets, Solar Generator (Solar Panel Optional) for Outdoor Camping/RVs/Home Use","$209.00","$90.00 (30%)","30","https://www.amazon.ca/dp/B0B8MXPRDB?tag=lesdealsduw02-20&linkCode=osi&th=1&psc=1","https://m.media-amazon.com/images/I/31GlZjZd9oL._SL500_.jpg","2"
"ready meals","Food","Rio Mare - Insalatissime Tuna Salad - Couscous and Light Tuna - Ready to Eat Salad, High in Protein, No Preservatives, 160g","$3.47","$1.50 (30%)","30","https://www.amazon.ca/dp/B00E20UJSM?tag=lesdealsduw02-20&linkCode=osi&th=1&psc=1","https://m.media-amazon.com/images/I/51XCxyv+ayL._SL500_.jpg","1"
"running shoes men","Shoes","Reebok Mens Runner 4 4E Running Shoe, Core Black/Pure Grey 5/FTWR White, 11 US","$41.99","$18.00 (30%)","30","https://www.amazon.ca/dp/B09Z731FWK?tag=lesdealsduw02-20&linkCode=osi&th=1&psc=1","https://m.media-amazon.com/images/I/31LQcXYy9HL._SL500_.jpg","1"
"running shoes men","Shoes","Reebok Classics,Classic Leather,FTWR White/Pure Grey 3/reebok Rubber gum-02,9.5","$40.24","$17.25 (30%)","30","https://www.amazon.ca/dp/B093TYSQPM?tag=lesdealsduw02-20&linkCode=osi&th=1&psc=1","https://m.media-amazon.com/images/I/316M33rNJIL._SL500_.jpg","2"
"scanner","Computers & Laptops","Tera Barcode Scanner Wireless 1D Laser Cordless Barcode Reader with Battery Level Indicator, Versatile 2 in 1 2.4Ghz Wireless and USB 2.0 Wired","$29.99","$13.00 (30%)","30","https://www.amazon.ca/dp/B078SQ91FB?tag=lesdealsduw02-20&linkCode=osi&th=1&psc=1","https://m.media-amazon.com/images/I/41yYzUNKhDL._SL500_.jpg","2"
"shoes","Shoes","Reebok Classics,Classic Leather,FTWR White/Pure Grey 3/reebok Rubber gum-02,9","$40.24","$17.25 (30%)","30","https://www.amazon.ca/dp/B093TX6WQZ?tag=lesdealsduw02-20&linkCode=osi&th=1&psc=1","https://m.media-amazon.com/images/I/316M33rNJIL._SL500_.jpg","2"
"smartwatch","Wearables","Smart Watch for Men Women (Answer/Make Calls), Smartwatch for Android iPhone, 1.39"" Fitness Trackers with Heart Rate Blood Oxygen Sleep Monitor Pedometer (Black)","$13.99","$6.00 (30%)","30","https://www.amazon.ca/dp/B0DW9217PY?tag=lesdealsduw02-20&linkCode=osi&th=1&psc=1","https://m.media-amazon.com/images/I/41JJ7Eew8tL._SL500_.jpg","2"
"sneakers","Shoes","Reebok Mens Classic Leather Sneaker, FTWR White/Pure Grey 3/reebok Rubber Gum-02, 13.5 Women/12 Men US","$40.24","$17.25 (30%)","30","https://www.amazon.ca/dp/B093TY15ZT?tag=lesdealsduw02-20&linkCode=osi&th=1&psc=1","https://m.media-amazon.com/images/I/316M33rNJIL._SL500_.jpg","1"
"sneakers","Shoes","Reebok Womens Club C 85 Vintage Sneaker, Chalk/Alabaster/Glen Green, 8.5 US","$55.95","$23.99 (30%)","30","https://www.amazon.ca/dp/B093WB7PZV?tag=lesdealsduw02-20&linkCode=osi&th=1&psc=1","https://m.media-amazon.com/images/I/31qcVeAU19L._SL500_.jpg","1"
"sneakers","Shoes","Reebok Classics,Classic Leather,FTWR White/Pure Grey 3/reebok Rubber gum-02,8","$40.24","$17.25 (30%)","30","https://www.amazon.ca/dp/B093TYYVQS?tag=lesdealsduw02-20&linkCode=osi&th=1&psc=1","https://m.media-amazon.com/images/I/316M33rNJIL._SL500_.jpg","2"
"sport","Sports & Fitness","Resistance Bands with Ankle Straps, Ankle Weights Bands for Working Out, Exercise Band for Women Leg and Glute, Booty Workout Equipment for Kickbacks,Butt and Hip Training, Home Gym Fitness Equipment","$20.99","$9.00 (30%)","30","https://www.amazon.ca/dp/B0CJ2QR1PY?tag=lesdealsduw02-20&linkCode=osi&th=1&psc=1","https://m.media-amazon.com/images/I/51qY+pOhMJL._SL500_.jpg","1"
"television","TV & Video","Amazon Fire TV 50"" 4-Series 4K UHD smart TV, stream live TV without cable","$417.93","$182.06 (30%)","30","https://www.amazon.ca/dp/B08T6G1DCB?tag=lesdealsduw02-20&linkCode=osi&th=1&psc=1","https://m.media-amazon.com/images/I/41YuCIrxq-L._SL500_.jpg","2"
"tennis shoes","Shoes","Reebok Men's Smash Edge S Tennis Shoes White/Black/Gum, Size 10","$47.24","$20.25 (30%)","30","https://www.amazon.ca/dp/B0CNV2YLW6?tag=lesdealsduw02-20&linkCode=osi&th=1&psc=1","https://m.media-amazon.com/images/I/41+ZzEvUa3L._SL500_.jpg","2"
"tools","Home","DEKOPRO 126-Piece Power Tool Combo Kit with 8V Cordless Drill, NiMh Battery, 10MM 3/8'' Keyless Chuck, DIY Hand Tools for Garden, Office, House Repair","$69.99","$30.00 (30%)","30","https://www.amazon.ca/dp/B0D2VRS76D?tag=lesdealsduw02-20&linkCode=osi&th=1&psc=1","https://m.media-amazon.com/images/I/51nKGql1r3L._SL500_.jpg","1"
"travel accessories","Outdoor","Arae Electronic Organizer, Travel Cable Organizer, Double Layers Portable Waterproof Pouch, Electronic Accessories Storage Case for Cable, Cord, Charger, Phone, Earphone (Black, M)","$13.98","$6.01 (30%)","30","https://www.amazon.ca/dp/B09Y88QB9C?tag=lesdealsduw02-20&linkCode=osi&th=1&psc=1","https://m.media-amazon.com/images/I/51B-u6RzlrL._SL500_.jpg","2"
"vacuum bags","Home","Simple Deluxe 8 Jumbo Vacuum Storage Bags, Space Saver Bags, Vacuum Seal Bags with Hand Pump for Comforters, Blankets, Bedding, Pillows and Clothes","$22.99","$10.00 (30%)","30","https://www.amazon.ca/dp/B0CYKQG7S1?tag=lesdealsduw02-20&linkCode=osi&th=1&psc=1","https://m.media-amazon.com/images/I/51MWfkADEdL._SL500_.jpg","2"
"vitamins","Beauty & Health","Webber Naturals Vitamin D3 2500 IU Extra Strength, 180 Softgels, For Healthy Bones, Teeth, and Helps Prevent Vitamin D Deficiency","$5.97 ($0.03 / count)","$2.52 (30%)","30","https://www.amazon.ca/dp/B0B3LWGHGD?tag=lesdealsduw02-20&linkCode=osi&th=1&psc=1","https://m.media-amazon.com/images/I/411zsj71DRL._SL500_.jpg","1"
"water bottle","Home","Sahara Sailor Water Bottle, 32oz Motivational Sports Water Bottle with Time Marker - Times to Drink - Tritan, BPA Free, Wide Mouth Leakproof, Fast Flow Technology with Clean Brush (1 Bottle)","$17.59","$7.40 (30%)","30","https://www.amazon.ca/dp/B09FPXDLKR?tag=lesdealsduw02-20&linkCode=osi&th=1&psc=1","https://m.media-amazon.com/images/I/41QYx1jzetL._SL500_.jpg","1"
"wifi router","Networking & Connectivity","Tenda WiFi 6 Router for Home, AX1500 Dual Band Gigabit Router for Wireless Internet, Long Range Coverage with 5 * 6dBi High-Gain Antennas, 4 Gigabit Ports, Support WPA3, IPv6, Parental Control(RX2Pro)","$42.16","$17.83 (30%)","30","https://www.amazon.ca/dp/B0BL6PR5N4?tag=lesdealsduw02-20&linkCode=osi&th=1&psc=1","https://m.media-amazon.com/images/I/316qDzRKl+L._SL500_.jpg","1"
"womens shirts","Womens clothing","PRETTYGARDEN Women's 2025 Spring Fall Long Sleeve Henley T Shirts Button Ribbed Knit Slim Fit Casual Basic Tops Blouse (Dark Grey,Medium)","$18.88","$8.11 (30%)","30","https://www.amazon.ca/dp/B0CT7ZWD1T?tag=lesdealsduw02-20&linkCode=osi&th=1&psc=1","https://m.media-amazon.com/images/I/41MFBi96k3L._SL500_.jpg","2"
"womens tank top","Womens clothing","OMSJ White Women Shirts Sleeveless Summer Tunic Loose Fit Tank Tops (Solid White, X-Large)","$13.99","$6.00 (30%)","30","https://www.amazon.ca/dp/B07T3YS7NR?tag=lesdealsduw02-20&linkCode=osi&th=1&psc=1","https://m.media-amazon.com/images/I/41tjeIZ81QL._SL500_.jpg","2"
"workout equipment","Sports & Fitness","Resistance Loop Exercise Bands Exercise Bands for Home Fitness, Stretching, Strength Training, Physical Therapy,Elastic Workout Bands for Women Men Kids, Set of 5 (Assorted)","$9.85","$4.14 (30%)","30","https://www.amazon.ca/dp/B097JQYZR1?tag=lesdealsduw02-20&linkCode=osi&th=1&psc=1","https://m.media-amazon.com/images/I/41agmXMDsrL._SL500_.jpg","1"
"workout equipment","Sports & Fitness","Foldable Pilates Reformer Ab Machine with Automatic Rebound Function for Home Gym - Core & Abdominal Strength Training Equipment with Knee Pad - Ab Core Trainer, Push-Up Board","$69.99","$30.00 (30%)","30","https://www.amazon.ca/dp/B0DFGG11MX?tag=lesdealsduw02-20&linkCode=osi&th=1&psc=1","https://m.media-amazon.com/images/I/41Id0czHjjL._SL500_.jpg","1"
"yoga pants","Sports & Fitness","Sunzel Butterflycra High Waist Mini Flared Leggings for Women, Tummy Control Casual Flare Yoga Pants for Yoga Workout Gym 32"" Black Medium","$25.99","$11.00 (30%)","30","https://www.amazon.ca/dp/B0CB1N49GT?tag=lesdealsduw02-20&linkCode=osi&th=1&psc=1","https://m.media-amazon.com/images/I/31t2LZaq+5L._SL500_.jpg","1"
"apple products","Smartphones","3 in 1 Charging Station for iPhone - Wireless Charger for Apple Products Multiple Devices - Charging Dock Stand for AirPods (for iPhone 16 15 14 13 pro 12 11 X Max)","$39.99","$16.00 (29%)","29","https://www.amazon.ca/dp/B0BF9TYJWR?tag=lesdealsduw02-20&linkCode=osi&th=1&psc=1","https://m.media-amazon.com/images/I/41fiKPmdr8L._SL500_.jpg","1"
"backpack for school","School & Stationery","Roots Essential 3-in-1 Matching Water Resistant Kids Backpack and Lunch Bag Set with Bonus Pencil Case - Made from 100% Recycled Fabrics -22.5 litres, Multi Ombre","$37.79","$15.73 (29%)","29","https://www.amazon.ca/dp/B0D6BSZZPM?tag=lesdealsduw02-20&linkCode=osi&th=1&psc=1","https://m.media-amazon.com/images/I/513+Bp8e4IL._SL500_.jpg","1"
"baby bottle","Baby","Philips Avent Natural Baby Bottle Newborn Baby Gift Set, SCD838/02, Clear","$49.99","$20.00 (29%)","29","https://www.amazon.ca/dp/B098YHK4CN?tag=lesdealsduw02-20&linkCode=osi&th=1&psc=1","https://m.media-amazon.com/images/I/4130UoyLB+L._SL500_.jpg","2"
"baby shoes","Baby","Kqwfsiu Baby Sock Shoes Boys Girls Non Slip First Walking Shoes Sneakers Soft Rubber Sole Lightweight Toddler Infant Sock Shoes Yellow","$9.99","$4.00 (29%)","29","https://www.amazon.ca/dp/B0CNXL86SP?tag=lesdealsduw02-20&linkCode=osi&th=1&psc=1","https://m.media-amazon.com/images/I/41IcsCmOqfL._SL500_.jpg","1"
"basketball","Sports & Fitness","Senston Basketball Outdoor Indoor 29.5 Basketball Ball Official Size 7 Street Basket Ball Blue with Pump","$28.49","$11.50 (29%)","29","https://www.amazon.ca/dp/B07MH6LV4C?tag=lesdealsduw02-20&linkCode=osi&th=1&psc=1","https://m.media-amazon.com/images/I/51hsxVw8eTL._SL500_.jpg","1"
"blender","Kitchen","Ninja BL481C Nutri-Ninja Auto-iQ Technology Blender, 1000W (Canadian Version),Silver","$99.99","$39.99 (29%)","29","https://www.amazon.ca/dp/B01H8UHB8S?tag=lesdealsduw02-20&linkCode=osi&th=1&psc=1","https://m.media-amazon.com/images/I/310TZGqHcUS._SL500_.jpg","1"
"board games","Toys & Games","Yahtzee Dice Game","$11.98","$5.01 (29%)","29","https://www.amazon.ca/dp/B00VQ6UBBA?tag=lesdealsduw02-20&linkCode=osi&th=1&psc=1","https://m.media-amazon.com/images/I/51a9uItLJbL._SL500_.jpg","1"
"books","Books","The Let Them Theory: A Life-Changing Tool That Millions of People Can't Stop Talking About","$28.22","$11.77 (29%)","29","https://www.amazon.ca/dp/1401971369?tag=lesdealsduw02-20&linkCode=osi&th=1&psc=1","https://m.media-amazon.com/images/I/51UmNg33hCL._SL500_.jpg","1"
"car cleaner","Home","TICARVE Cleaning Gel for Car Detail Tools Car Cleaning Automotive Dust Air Vent Interior Detail Putty Universal Dust Cleaner for Auto Laptop Car Slime Cleaner","$9.89","$4.10 (29%)","29","https://www.amazon.ca/dp/B07VCBQ6KF?tag=lesdealsduw02-20&linkCode=osi&th=1&psc=1","https://m.media-amazon.com/images/I/51iVDwgXXML._SL500_.jpg","1"
"car gadgets","Automotive","Ginsco 3 Gallons Open-Top Car Trash Can, Large Capacity Hanging Car Trash Bag with Water-proof PEVA Liner, Stand Trash Bag for Cars Foldable Storage Bag for Cars SUV Truck RV","$11.99","$5.00 (29%)","29","https://www.amazon.ca/dp/B0CMGGDG96?tag=lesdealsduw02-20&linkCode=osi&th=1&psc=1","https://m.media-amazon.com/images/I/51jhwt2dk6L._SL500_.jpg","1"
"car gadgets","Automotive","200W Car Power Inverter, PiSFAU DC 12V to 110V AC Car Plug Adapter Outlet with [20W USB-C] /USB-Fast Charger(18W) / 4.8A Dual USB/car Charger for Laptop","$28.48","$11.50 (29%)","29","https://www.amazon.ca/dp/B0CFB6T2QN?tag=lesdealsduw02-20&linkCode=osi&th=1&psc=1","https://m.media-amazon.com/images/I/41TnIJVNvzL._SL500_.jpg","2"
"cello","Music","Cello: A Journey Through Silence to Sound","$33.49","$13.51 (29%)","29","https://www.amazon.ca/dp/1639367500?tag=lesdealsduw02-20&linkCode=osi&th=1&psc=1","https://m.media-amazon.com/images/I/51+0TH99rwL._SL500_.jpg","2"
"chocolate","Food","Snack Factory Pretzel Crisps - Milk Chocolate Crunch 155 Grams","$4.74 ($3.06 / 100 g)","$1.95 (29%)","29","https://www.amazon.ca/dp/B0CPKQ9N13?tag=lesdealsduw02-20&linkCode=osi&th=1&psc=1","https://m.media-amazon.com/images/I/51-pSKYbicL._SL500_.jpg","1"
"coffee espresso machine","Kitchen","Chefman CaféMaster Pro Espresso Machine, Brew Single or Double Shots, Coffee Maker with Built-In Milk Frother for Cappuccino & Latte, XL 1.8 Liter Removable Water Reservoir - Stainless Steel","$169.99","$70.00 (29%)","29","https://www.amazon.ca/dp/B0D79TYRW7?tag=lesdealsduw02-20&linkCode=osi&th=1&psc=1","https://m.media-amazon.com/images/I/41iMKlwYrTL._SL500_.jpg","2"
"coffee grinder","Kitchen","Mini Manual Coffee Grinder with 40 Adjustable Settings, Portable Hand Coffee Bean Mill with 30g Capacity, Conical Burr Coffee Grinder with Crank for Travel, Camping, Office, Espresso, Pour Over, etc","$28.49","$11.50 (29%)","29","https://www.amazon.ca/dp/B0DMZL1K3G?tag=lesdealsduw02-20&linkCode=osi&th=1&psc=1","https://m.media-amazon.com/images/I/41dzh73+f+L._SL500_.jpg","1"
"electronics","Other Tech","JBL Go 4 - Ultra-Portable, Waterproof and Dustproof Bluetooth Speaker, 7-Hour Built-in Battery, Made in Part with Recycled Materials (Purple)","$49.98","$20.00 (29%)","29","https://www.amazon.ca/dp/B0CTNWKGM2?tag=lesdealsduw02-20&linkCode=osi&th=1&psc=1","https://m.media-amazon.com/images/I/41276zT5XyL._SL500_.jpg","1"
"external hard drive","Computers & Laptops","Western Digital 14TB Elements Desktop External Hard Drive, USB 3.0 external hard drive for plug-and-play storage - WDBWLG0140HBK-NESN","$274.99","$112.23 (29%)","29","https://www.amazon.ca/dp/B07YD3G568?tag=lesdealsduw02-20&linkCode=osi&th=1&psc=1","https://m.media-amazon.com/images/I/31cKLKahZRL._SL500_.jpg","1"
"gaming headset","Gaming","Logitech G435 Lightspeed and Bluetooth Wireless Gaming Headset - Lightweight Over-Ear Headphones, Built-in mics, 18h Battery, Compatible with Dolby Atmos, PC, Mobile - Black","$49.99","$20.00 (29%)","29","https://www.amazon.ca/dp/B08R8DT7X6?tag=lesdealsduw02-20&linkCode=osi&th=1&psc=1","https://m.media-amazon.com/images/I/41PVoomjxaL._SL500_.jpg","2"
"gimbal","Cameras & Photography","Hohem iSteady M6 Handheld 3-Axis Gimbal Stabilizer for Smartphone Gimbal for iPhone and Android Cell Phone,Built-in OLED Display Reverse Charging 400g Payload","$191.20","$77.80 (29%)","29","https://www.amazon.ca/dp/B0BXDFQK47?tag=lesdealsduw02-20&linkCode=osi&th=1&psc=1","https://m.media-amazon.com/images/I/41b6eMcCcrL._SL500_.jpg","2"
"hair dryer","Beauty & Health","Ion Hair Dryer AC Motor 1800 W Hair Dryer, slopehill Quick Drying Hair Dryer, Salon Hair Dryer with Hot/Cold Button, 3 Hair Dryer Concentrators and Diffuser, 3 Temperature Settings, 2-Speed (Purple)","$49.99","$20.00 (29%)","29","https://www.amazon.ca/dp/B086SR1KML?tag=lesdealsduw02-20&linkCode=osi&th=1&psc=1","https://m.media-amazon.com/images/I/41mWclWOhGS._SL500_.jpg","1"
"hair dryer","Beauty & Health","InfinitiPro by Conair 259NC Performance Hair Dryer, 1875 Watts Blow Dryer, Fast Drying, Ceramic Ionic Technology, Smooth, Shiny Hair and Less Frizz, 3 Heat/ 2 Speed, Removable Filter, Good for travel","$24.97","$10.26 (29%)","29","https://www.amazon.ca/dp/B00VYEB3IY?tag=lesdealsduw02-20&linkCode=osi&th=1&psc=1","https://m.media-amazon.com/images/I/31ZlROHoNKL._SL500_.jpg","2"
"home security","Home","EMDMAK Door Stop Alarm with 120DB Siren Door Stop for Home & Travel (Black) (Pack of 2)","$15.65 ($7.82 / Count)","$6.34 (29%)","29","https://www.amazon.ca/dp/B01M0X4QM4?tag=lesdealsduw02-20&linkCode=osi&th=1&psc=1","https://m.media-amazon.com/images/I/4114pIJpJzL._SL500_.jpg","2"
"instant coffee","Food","Mount Hagen 25 Count Single Serve Instant Coffee Packets | Organic Medium Roast Arabica Beans | Eco-friendly, Fair-Trade [25 sticks/1.76oz/50g]","$16.99 ($0.68 / count)","$6.88 (29%)","29","https://www.amazon.ca/dp/B002HQLCJS?tag=lesdealsduw02-20&linkCode=osi&th=1&psc=1","https://m.media-amazon.com/images/I/51NRQIBayqL._SL500_.jpg","2"
"iphone case","Smartphones","JETech Case for iPhone 11 6.1-Inch, Non-Yellowing Shockproof Phone Bumper Cover, Anti-Scratch Clear Back (Clear)","$11.99","$5.00 (29%)","29","https://www.amazon.ca/dp/B07QQZD49D?tag=lesdealsduw02-20&linkCode=osi&th=1&psc=1","https://m.media-amazon.com/images/I/41-ZRKH65kL._SL500_.jpg","2"
"kitchen organizer","Kitchen","Nmgkokew 4 Piece Kitchen Cabinet Door Storage Box,Self Adhesive Wall Mounted Storage Box,Wardrobe/Bathroom/Refrigerator Small Items Organizer Storage Box","$9.17 ($2.29 / count)","$3.82 (29%)","29","https://www.amazon.ca/dp/B0CHJ3XYDG?tag=lesdealsduw02-20&linkCode=osi&th=1&psc=1","https://m.media-amazon.com/images/I/41tCNvEGZjL._SL500_.jpg","2"
"lego","Toys & Games","LEGO Technic Bush Plane Toy - Buildable Airplane Toy for Kids, Boys and Girls, Ages 8+ - Model Airplane Gift with Spinning Propeller, 4-Cylinder Piston Engine, and More - 42198","$24.87","$10.12 (29%)","29","https://www.amazon.ca/dp/B0DJ197ZQY?tag=lesdealsduw02-20&linkCode=osi&th=1&psc=1","https://m.media-amazon.com/images/I/51jwhiP0kwL._SL500_.jpg","2"
"lego","Toys & Games","LEGO Speed Champions Mercedes-AMG F1 W15 Race Car Toy - Building Set for Kids, Boys & Girls, Ages 10+ - Toy Car for F1 Fans - Gift Idea for Birthday - 77244","$24.98","$10.01 (29%)","29","https://www.amazon.ca/dp/B0DHLHMK9V?tag=lesdealsduw02-20&linkCode=osi&th=1&psc=1","https://m.media-amazon.com/images/I/51epsJ7smqL._SL500_.jpg","2"
"lego sets","Toys & Games","LEGO Technic Bugatti Bolide Racing Car Building Set - Model and Race Engineering Toy for Back to School, Collectible Sports Car Construction Kit for Boys, Girls, and Teen Builders Ages 9+, 42151","$45.94","$19.05 (29%)","29","https://www.amazon.ca/dp/B0BBWG5T23?tag=lesdealsduw02-20&linkCode=osi&th=1&psc=1","https://m.media-amazon.com/images/I/51hE1RjGLrL._SL500_.jpg","1"
"led strip lights","Home","Govee White LED Light Strip, 16.4ft Dimmable Led Strip Lights White, Bright 6500K Daylight, Cuttable and Strong Adhesive, 300 LEDs Flexible Tape Lights for Mirror, Under Cabinet, Party and Bedroom","$19.99","$8.00 (29%)","29","https://www.amazon.ca/dp/B07V46H7YL?tag=lesdealsduw02-20&linkCode=osi&th=1&psc=1","https://m.media-amazon.com/images/I/51bMTamufXS._SL500_.jpg","1"
"laptop","Computers & Laptops","ASUS Vivobook S 15 Copilot+ PC, 15.6"" Thin and Light Laptop, 3K 120Hz OLED Display, Snapdragon® X Plus Processor, 16GB Memory, 1 TB SSD, Copilot Key, Wi-Fi 7, Cool Silver, S5507QA-DB71-CB","$1,069.99","$429.01 (29%)","29","https://www.amazon.ca/dp/B0DHLRXY5F?tag=lesdealsduw02-20&linkCode=osi&th=1&psc=1","https://m.media-amazon.com/images/I/41AYN-P6tML._SL500_.jpg","2"
"markers","School & Stationery","Upanic Brush Markers for Adults Coloring Books,36 Colors Dual Art Markers Colored Pens for Bullet Journaling Note Taking Drawing Calligraphy Lettering,Dual Brush Markers Pens School Supplies","$11.99","$5.00 (29%)","29","https://www.amazon.ca/dp/B09W8NQTJ2?tag=lesdealsduw02-20&linkCode=osi&th=1&psc=1","https://m.media-amazon.com/images/I/51N3p9TyAUL._SL500_.jpg","1"
"markers","School & Stationery","Mr. Sketch Scented Markers, 12 Pack, Assorted Colours (1905069)","$8.54","$3.44 (29%)","29","https://www.amazon.ca/dp/B00006IFH0?tag=lesdealsduw02-20&linkCode=osi&th=1&psc=1","https://m.media-amazon.com/images/I/512Cu0RCOyL._SL500_.jpg","1"
"mens tank top","Mens clothing","COOFANDY Men's 3 Pack Workout Tank Top Gym Muscle Tee Fitness Bodybuilding Sleeveless T Shirts","$28.39","$11.60 (29%)","29","https://www.amazon.ca/dp/B082NZJZZK?tag=lesdealsduw02-20&linkCode=osi&th=1&psc=1","https://m.media-amazon.com/images/I/51p7BpS92sL._SL500_.jpg","1"
"phone case","Smartphones","JETech Case for iPhone 13 6.1-Inch, Non-Yellowing Shockproof Phone Bumper Cover, Anti-Scratch Clear Back (Clear)","$11.99","$5.00 (29%)","29","https://www.amazon.ca/dp/B09BTKNGN5?tag=lesdealsduw02-20&linkCode=osi&th=1&psc=1","https://m.media-amazon.com/images/I/41X6XclyaWL._SL500_.jpg","2"
"portable power station","Power & Chargers","Takki 83Wh Portable Power Station Camping Solar Power Bank Generator with 110V 80W AC Outlet Type-C USB Port and Camping Flashlight for Home Use Emergency Battery Backup","$106.99","$42.91 (29%)","29","https://www.amazon.ca/dp/B097M9R9CT?tag=lesdealsduw02-20&linkCode=osi&th=1&psc=1","https://m.media-amazon.com/images/I/41OmZb8DMzL._SL500_.jpg","1"
"printer","Computers & Laptops","Canon PIXMA TS3720 Wireless All-in-One Printer - White","$49.98","$20.01 (29%)","29","https://www.amazon.ca/dp/B0D2RQHYND?tag=lesdealsduw02-20&linkCode=osi&th=1&psc=1","https://m.media-amazon.com/images/I/312UuON8mWL._SL500_.jpg","1"
"printer","Computers & Laptops","HP DeskJet 2842e Wireless All-in-One Colour Inkjet Printer, Scanner, Copier (Aloe), Best for Home, 6 Months of Instant Ink Included (6W7E7A)","$49.98","$20.01 (29%)","29","https://www.amazon.ca/dp/B0DZNPYD4Z?tag=lesdealsduw02-20&linkCode=osi&th=1&psc=1","https://m.media-amazon.com/images/I/314AKMsl-DL._SL500_.jpg","1"
"projector mount","Cameras & Photography","VIVO Universal Adjustable White Ceiling Projector / Projection Mount Extending Arms MOUNT-VP01W.","$29.99","$12.00 (29%)","29","https://www.amazon.ca/dp/B01013QA86?tag=lesdealsduw02-20&linkCode=osi&th=1&psc=1","https://m.media-amazon.com/images/I/31TjsQhltKL._SL500_.jpg","1"
"running shoes men","Shoes","ASICS Men's Gel-Excite 10 Running Shoes, 12, Black/Wave Teal","$84.94","$35.06 (29%)","29","https://www.amazon.ca/dp/B0D3Y16FMC?tag=lesdealsduw02-20&linkCode=osi&th=1&psc=1","https://m.media-amazon.com/images/I/31gnw0rl1jL._SL500_.jpg","2"
"running shoes women","Shoes","Under Armour Women's Charged Pursuit 3 Big Logo Running Shoe, (003) Black/Black/Black, 10","$47.49","$19.00 (29%)","29","https://www.amazon.ca/dp/B0CJTBGXYX?tag=lesdealsduw02-20&linkCode=osi&th=1&psc=1","https://m.media-amazon.com/images/I/318TisoBGdL._SL500_.jpg","1"
"running shoes women","Shoes","ASICS Women's Gel-Excite 10 Running Shoes, 8, Black/White","$84.94","$35.06 (29%)","29","https://www.amazon.ca/dp/B0BZDXLGLH?tag=lesdealsduw02-20&linkCode=osi&th=1&psc=1","https://m.media-amazon.com/images/I/41R-Q9yKUeL._SL500_.jpg","1"
"smart home devices","Smart Home","Amazon Echo Dot (newest model), Vibrant sounding Alexa speaker, Great for bedrooms, dining rooms and offices, Glacier White","$49.99","$20.00 (29%)","29","https://www.amazon.ca/dp/B09B94RL1R?tag=lesdealsduw02-20&linkCode=osi&th=1&psc=1","https://m.media-amazon.com/images/I/41RionP4m8L._SL500_.jpg","1"
"smart plug","Smart Home","Amazon Smart Plug | Works with Alexa | Simple setup, endless possibilities","$24.99","$10.00 (29%)","29","https://www.amazon.ca/dp/B089DTMHW4?tag=lesdealsduw02-20&linkCode=osi&th=1&psc=1","https://m.media-amazon.com/images/I/21aSpFdXxQL._SL500_.jpg","1"
"smart speaker","Smart Home","Amazon Echo Dot (newest model), Vibrant sounding Alexa speaker, Great for bedrooms, dining rooms and offices, Charcoal","$49.99","$20.00 (29%)","29","https://www.amazon.ca/dp/B09B8V1LZ3?tag=lesdealsduw02-20&linkCode=osi&th=1&psc=1","https://m.media-amazon.com/images/I/514+cOjHgYL._SL500_.jpg","1"
"smart speaker","Smart Home","JBL Go 4 - Ultra-Portable, Waterproof and Dustproof Bluetooth Speaker, 7-Hour Built-in Battery, Made in Part with Recycled Materials (Black)","$49.98","$20.00 (29%)","29","https://www.amazon.ca/dp/B0CTNWBT1Z?tag=lesdealsduw02-20&linkCode=osi&th=1&psc=1","https://m.media-amazon.com/images/I/41GTcsw-oFL._SL500_.jpg","2"
"solar panel","Other Tech","DOKIO Semi-Flexible Solar Panel 100W 12V Bendable Thin Film Monocrystalline Lightweight(4.9lb) for Caravan RV Boat Camper Trailer……","$84.77 ($2.29 / oz)","$34.23 (29%)","29","https://www.amazon.ca/dp/B07VL1PT64?tag=lesdealsduw02-20&linkCode=osi&th=1&psc=1","https://m.media-amazon.com/images/I/51RDzbkA-aL._SL500_.jpg","2"
"st patrick","Events","Green Confetti Glitter St. Patrick's Day Lucky Clover Shamrock Cutouts Glitter Irish Table Scatters for St. Patrick's Decorations (Pure, Green)","$9.99","$4.00 (29%)","29","https://www.amazon.ca/dp/B0BWFH9B8M?tag=lesdealsduw02-20&linkCode=osi&th=1&psc=1","https://m.media-amazon.com/images/I/51wqMbKQ4kL._SL500_.jpg","1"
"tennis shoes","Shoes","ASICS Men's Gel-Dedicate 8 Tennis Shoes, 11, White/Saxon Green","$84.94","$35.06 (29%)","29","https://www.amazon.ca/dp/B0D6WW935R?tag=lesdealsduw02-20&linkCode=osi&th=1&psc=1","https://m.media-amazon.com/images/I/31fWyGWCLLL._SL500_.jpg","1"
"tennis shoes","Shoes","ASICS Women's Gel-Dedicate 8 Tennis Shoes, 8, Light Blue/Blue Coast","$84.94","$35.06 (29%)","29","https://www.amazon.ca/dp/B0D6X573WZ?tag=lesdealsduw02-20&linkCode=osi&th=1&psc=1","https://m.media-amazon.com/images/I/31qoG-0efAL._SL500_.jpg","1"
"tennis shoes","Shoes","adidas Women's Gamecourt 2.0 Tennis, White/Silver Metallic/White, 9.5","$63.00","$26.13 (29%)","29","https://www.amazon.ca/dp/B09Y861DXY?tag=lesdealsduw02-20&linkCode=osi&th=1&psc=1","https://m.media-amazon.com/images/I/41L5VnD0z7L._SL500_.jpg","1"
"vacuum bags","Home","Vacuum Storage Bags 20 Pack,4 jumbo, 4 large, 4 midium, 4 small,4 roll bags, Space Saver Sealer Bags, Airtight Compression Bags for Clothes, Pillows, Comforters, Blankets, Bedding","$25.59","$10.40 (29%)","29","https://www.amazon.ca/dp/B0CM2WZ81Z?tag=lesdealsduw02-20&linkCode=osi&th=1&psc=1","https://m.media-amazon.com/images/I/51zlmTg0mQL._SL500_.jpg","1"
"vitamins","Beauty & Health","Centrum Men 50 Plus Multivitamins/Minerals Supplement for Men 50+, 90 Tablets (Packaging May Vary)","$11.97 ($0.13 / count)","$5.00 (29%)","29","https://www.amazon.ca/dp/B00L8RWBQU?tag=lesdealsduw02-20&linkCode=osi&th=1&psc=1","https://m.media-amazon.com/images/I/41hXBqGxaDL._SL500_.jpg","2"
"washing machine cleaner","Home","Home Remover Gel, 8 Fl Oz Household Washing Machine Cleaner for Washing Machine, Refrigerator Strips, For Tiles Grout Sealant Bathroom Cleaning Home Kitchen Sinks Cleaning Grout","$12.00 ($6.00 / 100 g)","$4.99 (29%)","29","https://www.amazon.ca/dp/B0DJSWFS3P?tag=lesdealsduw02-20&linkCode=osi&th=1&psc=1","https://m.media-amazon.com/images/I/51fGiSn4iOL._SL500_.jpg","2"
"wireless charger","Power & Chargers","3 in 1 Charging Station for iPhone, Wireless Charger for iPhone 16 15 14 13 12 11 X Pro Max & Apple Watch - Charging Stand Dock for AirPods","$39.99","$16.00 (29%)","29","https://www.amazon.ca/dp/B0BFCC18FS?tag=lesdealsduw02-20&linkCode=osi&th=1&psc=1","https://m.media-amazon.com/images/I/41L73n7uPBL._SL500_.jpg","2"
"wireless printer","Computers & Laptops","HP DeskJet 2842e Wireless All-in-One Colour Inkjet Printer, Scanner, Copier (Early Dusk), Best for Home, 6 Months of Instant Ink Included (6W7E7A)","$49.99","$20.00 (29%)","29","https://www.amazon.ca/dp/B0DZNNGBW2?tag=lesdealsduw02-20&linkCode=osi&th=1&psc=1","https://m.media-amazon.com/images/I/31DRD+vKc0L._SL500_.jpg","1"
"xbox series x","Gaming","MLB The Show 25 - Xbox Series X","$49.96","$20.00 (29%)","29","https://www.amazon.ca/dp/B0DWB7452C?tag=lesdealsduw02-20&linkCode=osi&th=1&psc=1","https://m.media-amazon.com/images/I/517BN+PbgPL._SL500_.jpg","2"
"yoga pants","Sports & Fitness","we fleece High Waisted Leggings for Women-Womens Black Workout Leggings Running Tummy Control Yoga Pants (Black, Small-Medium)","$12.05","$4.94 (29%)","29","https://www.amazon.ca/dp/B09Z6LM5SM?tag=lesdealsduw02-20&linkCode=osi&th=1&psc=1","https://m.media-amazon.com/images/I/31BU8sW46sL._SL500_.jpg","2"
"yoga straps","Sports & Fitness","Slim Panda Stretching Strap with Loops, Non-Elastic Yoga Strap for Physical Therapy, Stretch Strap with Exercise Guide for Pilates, Dance, Flexibility, Gymnastics","$9.99","$4.00 (29%)","29","https://www.amazon.ca/dp/B09PKWZV17?tag=lesdealsduw02-20&linkCode=osi&th=1&psc=1","https://m.media-amazon.com/images/I/41JQniqieML._SL500_.jpg","1"
"bike","Sports & Fitness","Hiland 20 Inch Kids Fat Bike, 7 Speed, Dual Disc Brake, Kids Bike for Boys Girls","$289.99","$110.00 (28%)","28","https://www.amazon.ca/dp/B089GLKDH7?tag=lesdealsduw02-20&linkCode=osi&th=1&psc=1","https://m.media-amazon.com/images/I/511lx0Og2wL._SL500_.jpg","2"
"bike gear","Sports & Fitness","1 Pair Bicycle Twist Grip Gear Shifters 3X7 Speed DIP Compatible for Shimano Brand Bike and 1 Pair Non-Slip Rubber Bike Handle Bar Grip","$15.79","$6.29 (28%)","28","https://www.amazon.ca/dp/B08Y74NJDV?tag=lesdealsduw02-20&linkCode=osi&th=1&psc=1","https://m.media-amazon.com/images/I/51uMrfbGXZL._SL500_.jpg","1"
"books","Books","The Psychology of Money: Timeless lessons on wealth, greed, and happiness","$18.00","$6.99 (28%)","28","https://www.amazon.ca/dp/0857197681?tag=lesdealsduw02-20&linkCode=osi&th=1&psc=1","https://m.media-amazon.com/images/I/419Tm1NaD8L._SL500_.jpg","1"
"camera","Cameras & Photography","TP-Link Tapo 2K QHD Pan/Tilt Outdoor Wired Security Wi-Fi Camera, 360° Visual Coverage, Full-Color Night Vision Up to 98ft, Smart Motion Tracking, Person Detection,Physical Privacy Mode(Tapo C510W)","$57.99","$22.00 (28%)","28","https://www.amazon.ca/dp/B0C9K7XDR8?tag=lesdealsduw02-20&linkCode=osi&th=1&psc=1","https://m.media-amazon.com/images/I/31dNXv7jI7L._SL500_.jpg","2"
"cheddar cheese","Food","ANNIE'S - VALUE PACK SIZE - MACARONI and CHEESE Classic Cheddar, 4 Pack, 680 Grams Box, No Artificial Flavours or Synthetic Colours, Contains Real Cheese and Milk Ingredients, 80% Organic Ingredients","$7.08 ($1.04 / 100 g)","$2.80 (28%)","28","https://www.amazon.ca/dp/B07GL7CS7L?tag=lesdealsduw02-20&linkCode=osi&th=1&psc=1","https://m.media-amazon.com/images/I/41rJ9qPKcTL._SL500_.jpg","2"
"digital camera","Cameras & Photography","CIMELR Digital Camera,48MP AutoFocus UHD 4K Vlogging Camera 16X Digital Zoom,Anti-Shake Digital Point and Shoot Camera for Starter, Compact Small Camera for Students Teens Boys Girls Pink","$28.99","$11.00 (28%)","28","https://www.amazon.ca/dp/B0DDPZSM4V?tag=lesdealsduw02-20&linkCode=osi&th=1&psc=1","https://m.media-amazon.com/images/I/41rVc0434KL._SL500_.jpg","2"
"fitness watch","Wearables","Garmin vívoactive 5, Health and Fitness GPS Smartwatch, AMOLED Display, Up to 11 Days of Battery, Black","$288.99","$111.00 (28%)","28","https://www.amazon.ca/dp/B0CG6NR413?tag=lesdealsduw02-20&linkCode=osi&th=1&psc=1","https://m.media-amazon.com/images/I/316DThoCeRL._SL500_.jpg","2"
"lego","Toys & Games","LEGO Creator 3 in 1 Retro Camera Toy, Transforms from Toy Camera to Retro Video Camera to Retro TV Set, Photography Gift for Boys and Girls Ages 8 Years Old and Up Who Enjoy Creative Play, 31147","$17.98","$7.01 (28%)","28","https://www.amazon.ca/dp/B0CGY3FHDR?tag=lesdealsduw02-20&linkCode=osi&th=1&psc=1","https://m.media-amazon.com/images/I/51clzLT01PL._SL500_.jpg","2"
"led strip lights","Home","Govee RGBIC Strip Lights, Smart LED Lights for Home Decor, Bluetooth Lights APP Control, DIY Multiple Colors on One Line, Color Changing LED Strip Lighting Music Sync, 16.4ft for Bedroom Decor","$17.99","$7.00 (28%)","28","https://www.amazon.ca/dp/B0991Q94KP?tag=lesdealsduw02-20&linkCode=osi&th=1&psc=1","https://m.media-amazon.com/images/I/51x8uUsdLeL._SL500_.jpg","1"
"men clothing","Mens clothing","Hanes Men's EcoSmart Sweatshirt, Black, 2XL","$15.22","$6.03 (28%)","28","https://www.amazon.ca/dp/B01L8JJ80E?tag=lesdealsduw02-20&linkCode=osi&th=1&psc=1","https://m.media-amazon.com/images/I/31-HqsUNhCL._SL500_.jpg","1"
"microphone","Music","USB Microphone, MAONO 192kHz/24Bit Plug & Play PC Computer Podcast Condenser Cardioid Metal Mic Kit with Professional Sound Chipset for Recording, Gaming, Singing, YouTube (AU-A04)","$64.99","$25.00 (28%)","28","https://www.amazon.ca/dp/B07M7BHYT1?tag=lesdealsduw02-20&linkCode=osi&th=1&psc=1","https://m.media-amazon.com/images/I/41F0VV4zPxL._SL500_.jpg","1"
"mobile accessories","Smartphones","Cooper ChatStand, Height Adjustable Cell Phone Stand for Desk | Cell Phone Holder Stand Office Home, Desk Phone Stand for Recording, iPhone Stand Desk Accessories Women, iPhone Holder","$17.95","$7.00 (28%)","28","https://www.amazon.ca/dp/B09WXBZC9H?tag=lesdealsduw02-20&linkCode=osi&th=1&psc=1","https://m.media-amazon.com/images/I/41Rz4Q52ivL._SL500_.jpg","2"
"pencils","School & Stationery","Maped 851721 Black Peps Triangular Graphite Hb Pencil With Eraser (box Of 12 Pencils) Black","$5.90","$2.28 (28%)","28","https://www.amazon.ca/dp/B00J8AF72Y?tag=lesdealsduw02-20&linkCode=osi&th=1&psc=1","https://m.media-amazon.com/images/I/410NsQoD+rL._SL500_.jpg","2"
"photography bag","Cameras & Photography","BAGSMART Camera Backpack, Anti-Theft DSLR SLR Camera Bag Water Resistant Canvas Backpack Fit up to 15"" Laptop with Rain Cover, Tripod Holder for Women and Men (beige white)","$61.59","$24.40 (28%)","28","https://www.amazon.ca/dp/B096Y4XL6D?tag=lesdealsduw02-20&linkCode=osi&th=1&psc=1","https://m.media-amazon.com/images/I/41uhkmPaMLS._SL500_.jpg","1"
"rice","Food","BEN'S ORIGINAL BISTRO EXPRESS Basmati Rice, Long Grain Rice Side Dish, 490g Family Size Pouch","$3.97 ($0.81 / 100 g)","$1.52 (28%)","28","https://www.amazon.ca/dp/B0CB22WQ34?tag=lesdealsduw02-20&linkCode=osi&th=1&psc=1","https://m.media-amazon.com/images/I/51TP8-HwGNL._SL500_.jpg","1"
"school supplies","School & Stationery","Elmer's Extra-Strength Glue Sticks, Washable and Non-Toxic, 8 g, 3 Count","$3.00","$1.18 (28%)","28","https://www.amazon.ca/dp/B008BV9JQG?tag=lesdealsduw02-20&linkCode=osi&th=1&psc=1","https://m.media-amazon.com/images/I/51t29AcMdRL._SL500_.jpg","1"
"shower curtain","Home","White Boho Fabric Shower Curtain 72 x 72 Inches, Modern Shabby Chic Textured Tufted Chevron Striped Minimalist Cloth Bathroom Shower Curtain","$30.99","$12.00 (28%)","28","https://www.amazon.ca/dp/B0BHS61H1N?tag=lesdealsduw02-20&linkCode=osi&th=1&psc=1","https://m.media-amazon.com/images/I/41KD8Zlwt7L._SL500_.jpg","1"
"smart home devices","Smart Home","Globe Electric Wi-Fi Smart Plug, No Hub Required, Voice Activated, 4 Grounded Outlet, (4-Pack, 15A) 50207, White","$21.64","$8.26 (28%)","28","https://www.amazon.ca/dp/B09MDR2F8K?tag=lesdealsduw02-20&linkCode=osi&th=1&psc=1","https://m.media-amazon.com/images/I/417EvgRCP2L._SL500_.jpg","2"
"smart plug","Smart Home","Lepro Smart Plug Mini 15A, Smart Home Wi-Fi Outlet Works with Alexa & Google Home, Schedule & Timer, Group Control, 2.4GHz WiFi Only, No Hub Required, ETL & FCC Certified, 4 Packs","$27.99 ($7.00 / Count)","$11.00 (28%)","28","https://www.amazon.ca/dp/B0DHXHXNY1?tag=lesdealsduw02-20&linkCode=osi&th=1&psc=1","https://m.media-amazon.com/images/I/31jNNg+tkbL._SL500_.jpg","2"
"smart plug","Smart Home","meross Matter Smart Plug Mini, Easy Setup, 100% Privacy Matter Smart Home, Work with Alexa, HomeKit, Google Home with Schedule and Timer, App and Voice Control, 2.4G Wi-Fi Only (4 Pack)","$49.99 ($12.50 / Pack)","$19.00 (28%)","28","https://www.amazon.ca/dp/B0CX4915ZX?tag=lesdealsduw02-20&linkCode=osi&th=1&psc=1","https://m.media-amazon.com/images/I/412UhDKKnuL._SL500_.jpg","2"
"student laptop","Computers & Laptops","ASUS Chromebook Laptop, 11.6"" HD Display, MediaTek Kompanio 520, 4GB LPDDR4X RAM, 64G eMMC Storage, MIL-STD 810H Durability, ChromeOS, Mineral Gray, CZ1104CM2A-AS01-CB","$199.00","$75.97 (28%)","28","https://www.amazon.ca/dp/B0CX62GXWS?tag=lesdealsduw02-20&linkCode=osi&th=1&psc=1","https://m.media-amazon.com/images/I/41bnwDpcwtL._SL500_.jpg","1"
"student tablet","Computers & Laptops","ZOFYWNAS Tablet 10 inch Android 14 Octa-Core Processor, Tablet with 1280 * 800 FHD Display 8GB RAM 64GB ROM 1TB TF Dual 5MP+8MP Camera, 5000mAh, WiFi 6, Bluetooth5.3, Widevine L1 (Black)","$89.99","$35.00 (28%)","28","https://www.amazon.ca/dp/B0FCFXRRB2?tag=lesdealsduw02-20&linkCode=osi&th=1&psc=1","https://m.media-amazon.com/images/I/51-IiYzNKIL._SL500_.jpg","2"
"vacuum bags","Home","Vacuum Sealer Bags for Food 2 Pack 11 Inch x 50 FT Vac Seal Bag for Sous Vide Food saver Commercial Grade Storage Bags BPA Free (100 Feet)","$25.98","$10.01 (28%)","28","https://www.amazon.ca/dp/B08JCJGPGS?tag=lesdealsduw02-20&linkCode=osi&th=1&psc=1","https://m.media-amazon.com/images/I/51kfqsoACoL._SL500_.jpg","2"
"video games","Gaming","Retro Game Console - Wireless Retro Game Stick, Revisit Video Games with Built-in 20000+ Games, 12 Emulators, 2.4GHz Wireless Game Stick, for TV Plug and Play Game Console (Obsidian Black)","$35.99","$14.00 (28%)","28","https://www.amazon.ca/dp/B0FHWF7FYJ?tag=lesdealsduw02-20&linkCode=osi&th=1&psc=1","https://m.media-amazon.com/images/I/51-Fc0eHXEL._SL500_.jpg","2"
"whiteboard","School & Stationery","Quartet Magnetic Dry-Erase Board Value Pack, 20"" x 16"" Whiteboard, Includes 4 Magnets and 2 Markers, White Plastic Frame (Q022016P02-R)","$16.98","$6.50 (28%)","28","https://www.amazon.ca/dp/B0DC8CBSJ2?tag=lesdealsduw02-20&linkCode=osi&th=1&psc=1","https://m.media-amazon.com/images/I/21HGogguIDL._SL500_.jpg","1"
"women clothing","Womens clothing","CTHH 4 Pack Leggings for Women-High Waisted Non See-Through Yoga Pants Tummy Control Workout Gym Tights","$30.39","$11.60 (28%)","28","https://www.amazon.ca/dp/B0BS5275SW?tag=lesdealsduw02-20&linkCode=osi&th=1&psc=1","https://m.media-amazon.com/images/I/41-bn8HdNXL._SL500_.jpg","1"
"xbox series x","Gaming","Doom The Dark Ages:Xbox Series X - Standard Edition","$64.96","$25.03 (28%)","28","https://www.amazon.ca/dp/B0DV1RNVJP?tag=lesdealsduw02-20&linkCode=osi&th=1&psc=1","https://m.media-amazon.com/images/I/51WH1bZKD4L._SL500_.jpg","2"
"apple juice","Food","OASIS APPLE JUICE 24 X 300 ML","$27.08 ($3.76 / l)","$9.77 (27%)","27","https://www.amazon.ca/dp/B0C1W7YRG1?tag=lesdealsduw02-20&linkCode=osi&th=1&psc=1","https://m.media-amazon.com/images/I/41Vr69XmlTL._SL500_.jpg","1"
"board games","Toys & Games","Hasbro Gaming The Game of Life Game, Family Board Game for 2-4 Players, Indoor Game for Kids Ages 8 and Up, Pegs Come in 6 Colors","$24.98","$9.01 (27%)","27","https://www.amazon.ca/dp/B08BHHRSPK?tag=lesdealsduw02-20&linkCode=osi&th=1&psc=1","https://m.media-amazon.com/images/I/51IaDXxrOpL._SL500_.jpg","2"
"books","Books","Surrounded by Idiots: The Four Types of Human Behavior and How to Effectively Communicate with Each in Business (and in Life)","$17.92","$6.58 (27%)","27","https://www.amazon.ca/dp/1250179939?tag=lesdealsduw02-20&linkCode=osi&th=1&psc=1","https://m.media-amazon.com/images/I/41boGl0Y-QL._SL500_.jpg","2"
"boxing gloves","Sports & Fitness","Everlast Pro Style Elite 2.0 Training Glove - White - 12 oz","$43.83","$16.16 (27%)","27","https://www.amazon.ca/dp/B07962S4F6?tag=lesdealsduw02-20&linkCode=osi&th=1&psc=1","https://m.media-amazon.com/images/I/41pOpk1WRyL._SL500_.jpg","1"
"camera","Cameras & Photography","TP-Link Tapo Smart Home Security WiFi Camera, 2.4GHz Wi-Fi Connection Required, 1080p (Full HD), Up to 30 ft Night Vision, Up to 128 GB microSD Card Slot, Works w/Alexa and Google (Tapo C100)","$21.99","$8.00 (27%)","27","https://www.amazon.ca/dp/B0866S3D82?tag=lesdealsduw02-20&linkCode=osi&th=1&psc=1","https://m.media-amazon.com/images/I/21cUoYkWcvL._SL500_.jpg","1"
"camera bag","Cameras & Photography","Camera Backpack, BAGSMART Camera Bag Anti-Theft DSLR SLR Canvas Backpack Fit up to 15"" Laptop with Rain Cover, Tripod Holder for Women and Men,Khaki","$64.23","$23.72 (27%)","27","https://www.amazon.ca/dp/B08CB9HGW5?tag=lesdealsduw02-20&linkCode=osi&th=1&psc=1","https://m.media-amazon.com/images/I/51hZMWkktsL._SL500_.jpg","2"
"camera gear","Cameras & Photography","Camera Backpack, BAGSMART Camera Bag Anti-Theft DSLR SLR Canvas Backpack Fit up to 15"" Laptop with Rain Cover, Tripod Holder for Women and Men,Black","$61.59","$23.36 (27%)","27","https://www.amazon.ca/dp/B08CB8WPYJ?tag=lesdealsduw02-20&linkCode=osi&th=1&psc=1","https://m.media-amazon.com/images/I/41SzHZ3bKYL._SL500_.jpg","2"
"coffee brewer","Kitchen","Mr. Coffee Programmable Coffee Maker | 10-Cup Coffee Machine with Thermal Carafe | Stainless Steel","$87.98","$32.01 (27%)","27","https://www.amazon.ca/dp/B0B2XXKYDX?tag=lesdealsduw02-20&linkCode=osi&th=1&psc=1","https://m.media-amazon.com/images/I/41YifcjqFeL._SL500_.jpg","2"
"home decor","Home","MHOOW Taylor Heart Hands Sculpture Decor for Bedroom Living Room Table Merch, Aesthetic Modern Love Finger Heart Hands Statues, Boho Wedding Home Decor Accessories, Gifts for Women Anniversary (Gold)","$18.99","$7.00 (27%)","27","https://www.amazon.ca/dp/B0CFDX84GY?tag=lesdealsduw02-20&linkCode=osi&th=1&psc=1","https://m.media-amazon.com/images/I/31ruC63SEWL._SL500_.jpg","2"
"iphone 15","Smartphones","Ailun 3 Pack Screen Protector for iPhone 15 [6.1 inch] + 3 Pack Camera Lens Protector,Case Friendly Tempered Glass Film,[9H Hardness] - HD","$10.99","$4.00 (27%)","27","https://www.amazon.ca/dp/B0CCYN42DL?tag=lesdealsduw02-20&linkCode=osi&th=1&psc=1","https://m.media-amazon.com/images/I/51waB2rzWPL._SL500_.jpg","2"
"iphone 15 pro","Smartphones","Ailun 3 Pack Screen Protector for iPhone 15 Pro [6.1 inch] + 3 Pack Camera Lens Protector,Case Friendly Tempered Glass Film,[9H Hardness] - HD","$10.99","$4.00 (27%)","27","https://www.amazon.ca/dp/B0CCYNY9XY?tag=lesdealsduw02-20&linkCode=osi&th=1&psc=1","https://m.media-amazon.com/images/I/51fHsYAO2AL._SL500_.jpg","1"
"iphone 15 pro max","Smartphones","Ailun 3 Pack Screen Protector for iPhone 15 Pro Max [6.7 inch] + 3 Pack Camera Lens Protector,Sensor Protection,Dynamic Island Compatible,Case Friendly Tempered Glass Film,[9H Hardness] - HD","$10.99","$4.00 (27%)","27","https://www.amazon.ca/dp/B0CCYNV9PC?tag=lesdealsduw02-20&linkCode=osi&th=1&psc=1","https://m.media-amazon.com/images/I/51RzO3D-ZFL._SL500_.jpg","1"
"iphone 15 pro max","Smartphones","Ailun 3Pack Privacy Screen Protector for iPhone 15 Pro Max [6.7 inch]+3Pack Camera Lens Protector with installation frame,Dynamic Island Compatible,Anti Spy Tempered Glass[9H Hardness]-HD","$10.98","$4.01 (27%)","27","https://www.amazon.ca/dp/B0CCYNCW8G?tag=lesdealsduw02-20&linkCode=osi&th=1&psc=1","https://m.media-amazon.com/images/I/41yBDKMaVqL._SL500_.jpg","2"
"kitchen organizer","Kitchen","Cisily Sponge Holder for Kitchen Sink, Sink Caddy with High Brush Holder, Organzier Rustproof 304 Stainless Steel Dish Organizer Divider, Soap Dispenser Storage (Black)","$21.99","$8.00 (27%)","27","https://www.amazon.ca/dp/B0C3QZ7SNF?tag=lesdealsduw02-20&linkCode=osi&th=1&psc=1","https://m.media-amazon.com/images/I/51yjIoQYCzL._SL500_.jpg","1"
"lego","Toys & Games","LEGO Speed Champions Ferrari SF-24 F1 Race Car Toys - Building Sets for Kids, Boys & Girls, Ages 10+ - Ferrari F1 Model Car Kits for Display or Play - Gift Ideas for Birthdays and Fans - 77242","$25.63","$9.36 (27%)","27","https://www.amazon.ca/dp/B0DHLHWZT7?tag=lesdealsduw02-20&linkCode=osi&th=1&psc=1","https://m.media-amazon.com/images/I/51bcqm5G30L._SL500_.jpg","1"
"laptop stand","Computers & Laptops","Besign LS10 Aluminum Laptop Stand, Ergonomic Adjustable Notebook Stand, Riser Holder Computer Stand Compatible with Air, Pro, Dell, HP, Lenovo More 10-14"" Laptops (Black)","$21.99","$8.00 (27%)","27","https://www.amazon.ca/dp/B08BKVGY3S?tag=lesdealsduw02-20&linkCode=osi&th=1&psc=1","https://m.media-amazon.com/images/I/31m3Kl79NaL._SL500_.jpg","1"
"markers","School & Stationery","Shuttle Art 304 Pack Washable Markers, 16 Assorted Colors Broad Line Conical Tip Large Markers Bulk with a Box, Bonus Caps, Home Classroom School Supplies for Toddlers Kids Adults Students Teachers","$65.69","$24.30 (27%)","27","https://www.amazon.ca/dp/B07VG8B32X?tag=lesdealsduw02-20&linkCode=osi&th=1&psc=1","https://m.media-amazon.com/images/I/51eVXENvVvL._SL500_.jpg","2"
"mobile accessories","Smartphones","EUCOS 62"" Phone Tripod, Tripod for iPhone & Selfie Stick Tripod with Remote, Extendable Phone Tripod Stand & Travel Tripod, Solidest Cell Phone Tripod Compatible with iPhone/Android","$40.99","$15.00 (27%)","27","https://www.amazon.ca/dp/B09XHZ8F7F?tag=lesdealsduw02-20&linkCode=osi&th=1&psc=1","https://m.media-amazon.com/images/I/414J8e-zrFL._SL500_.jpg","1"
"mouse pad","Computers & Laptops","Kriture Mouse Pad with Stitched Edge, Non-Slip Rubber Base, Premium-Textured and Waterproof Mousepad for Computers, Laptop, Office and Home, 10.2x8.3inches, 3mm, Black","$7.99","$2.99 (27%)","27","https://www.amazon.ca/dp/B07SGJ8HDH?tag=lesdealsduw02-20&linkCode=osi&th=1&psc=1","https://m.media-amazon.com/images/I/41ahIwM2P2L._SL500_.jpg","1"
"portable blender","Kitchen","Hamilton Beach® Personal Blender with Travel Lid, 14 oz, Raspberry, 51131G","$22.03","$7.96 (27%)","27","https://www.amazon.ca/dp/B00QNUCV0I?tag=lesdealsduw02-20&linkCode=osi&th=1&psc=1","https://m.media-amazon.com/images/I/31cvC9WQECL._SL500_.jpg","1"
"shower curtain","Home","Sunlit Designer Shower Curtain,Popular Shower Curtain, Ombre Blue Fabric Shower Curtains for Bathroom Decor, Contemporary Bathroom Curtains, 71"" x 71""","$18.99","$7.00 (27%)","27","https://www.amazon.ca/dp/B07NSLWWBY?tag=lesdealsduw02-20&linkCode=osi&th=1&psc=1","https://m.media-amazon.com/images/I/31sGJ0Rtz4S._SL500_.jpg","2"
"smart home devices","Smart Home","Amazon Echo Pop (newest model), Our smallest Alexa speaker, Fits in any room, Charcoal","$39.99","$15.00 (27%)","27","https://www.amazon.ca/dp/B09WNK39JN?tag=lesdealsduw02-20&linkCode=osi&th=1&psc=1","https://m.media-amazon.com/images/I/41NqeB-jiiL._SL500_.jpg","1"
"smart speaker","Smart Home","Amazon Echo Pop (newest model), Our smallest Alexa speaker, Fits in any room, Lavender Bloom","$39.99","$15.00 (27%)","27","https://www.amazon.ca/dp/B09ZXJDSL5?tag=lesdealsduw02-20&linkCode=osi&th=1&psc=1","https://m.media-amazon.com/images/I/41HKLbF1MCL._SL500_.jpg","1"
"solar panel","Other Tech","POWOXI Solar Battery Charger Car, 7.5W 12V Trickle Charger for Car Battery, Portable Waterproof 12 Volt Battery Maintainer, Solar Panel for RV Motorcycle Boat Marine Trailer ATVs Snowmobile","$36.49","$13.50 (27%)","27","https://www.amazon.ca/dp/B07JLWFPX6?tag=lesdealsduw02-20&linkCode=osi&th=1&psc=1","https://m.media-amazon.com/images/I/51BtAdjvIXL._SL500_.jpg","1"
"sports drinks","Food","BODYARMOR SuperDrink Orange Mango, 473mL Bottles, Pack of 12","$24.00 ($2.00 / count)","$8.99 (27%)","27","https://www.amazon.ca/dp/B0CTHY87PZ?tag=lesdealsduw02-20&linkCode=osi&th=1&psc=1","https://m.media-amazon.com/images/I/413k-UNLxDL._SL500_.jpg","1"
"sports drinks","Food","BODYARMOR Lyte Peach Mango, 473mL Bottles, Pack of 12","$24.00 ($2.00 / count)","$8.99 (27%)","27","https://www.amazon.ca/dp/B0CTHYV4MD?tag=lesdealsduw02-20&linkCode=osi&th=1&psc=1","https://m.media-amazon.com/images/I/411ko6eTl3L._SL500_.jpg","1"
"sports drinks","Food","BODYARMOR SuperDrink Strawberry Banana, 473mL Bottles, Pack of 12","$24.00","$8.99 (27%)","27","https://www.amazon.ca/dp/B0CTHZ2KK6?tag=lesdealsduw02-20&linkCode=osi&th=1&psc=1","https://m.media-amazon.com/images/I/41qPQUvVX6L._SL500_.jpg","2"
"toys","Toys & Games","Construction Monster Truck Toys - 4pcs Excavator, Mixer, Crane, Dump Trucks Toy | Push and Go Friction Powered Cars Stunt Vehicles Playset | Kids Birthday Party Favors Gifts for 3+ Year Old Boys Girls","$21.99","$8.00 (27%)","27","https://www.amazon.ca/dp/B08GX3YB5V?tag=lesdealsduw02-20&linkCode=osi&th=1&psc=1","https://m.media-amazon.com/images/I/51jf2Y+3KWS._SL500_.jpg","2"
"usb cable","Power & Chargers","USB Type C Cable, Anker [2-Pack 6Ft] Premium Nylon USB-C to USB-A Fast Charging Type C Cable, for Samsung Galaxy S10 / S9 / S8 / Note 8, LG V20 / G5 / G6 and More(Black)","$10.99","$4.00 (27%)","27","https://www.amazon.ca/dp/B07DC5PPFV?tag=lesdealsduw02-20&linkCode=osi&th=1&psc=1","https://m.media-amazon.com/images/I/51PX8Vo4fRL._SL500_.jpg","1"
"valentine","Events","Valentine's Day Rubber Ducks 12 Pcs Pink Valentine Heart Mini Rubber Ducks Bulk Bath Toys in Bulk Jeep Ducks Valentines Day Party Favors Supplies Decoration","$7.27","$2.72 (27%)","27","https://www.amazon.ca/dp/B0DMZV4SWB?tag=lesdealsduw02-20&linkCode=osi&th=1&psc=1","https://m.media-amazon.com/images/I/41wQJo7K1YL._SL500_.jpg","1"
"air freshener","Home","ATTITUDE Bio Absorbant Air Purifier with Activated Carbon Freshener, Made in Canada, Odor Remover, Plant and Mineral-Based, Vegan, Lemon, 227 grams","$5.99 ($2.64 / 100 g)","$2.07 (26%)","26","https://www.amazon.ca/dp/B01NCWNP2W?tag=lesdealsduw02-20&linkCode=osi&th=1&psc=1","https://m.media-amazon.com/images/I/41Xk3MCTq7L._SL500_.jpg","1"
"apple juice","Food","Rougemont Juice Pack 200ml x 40 Count","$28.69 ($3.59 / l)","$10.30 (26%)","26","https://www.amazon.ca/dp/B07P8GL65T?tag=lesdealsduw02-20&linkCode=osi&th=1&psc=1","https://m.media-amazon.com/images/I/417thPg287L._SL500_.jpg","1"
"apple juice","Food","Rougemont Apple Juice Pack of 6x2-Liter, 6-Count","$51.99 ($4.33 / l)","$18.00 (26%)","26","https://www.amazon.ca/dp/B01BLD2I7W?tag=lesdealsduw02-20&linkCode=osi&th=1&psc=1","https://m.media-amazon.com/images/I/511zNAoHpDL._SL500_.jpg","1"
"baby bib","Baby","Tiny Twinkle Unisex Baby Easy 3 Pack - Recycled Sage, Charcoal, Sky Blue Bibs, Sage Charcoal Blue","$14.75","$5.24 (26%)","26","https://www.amazon.ca/dp/B0B11PXSGM?tag=lesdealsduw02-20&linkCode=osi&th=1&psc=1","https://m.media-amazon.com/images/I/41BABl22MDL._SL500_.jpg","1"
"baby monitor","Baby","HelloBaby Baby Monitor, Video Baby Monitor with Camera Remote Pan-Tilt-Zoom, 3.2 inches Screen, Infrared Night Vision, Two Way Audio, Temperature Display, Smart VOX Mode","$66.49","$23.50 (26%)","26","https://www.amazon.ca/dp/B07NRPN8W9?tag=lesdealsduw02-20&linkCode=osi&th=1&psc=1","https://m.media-amazon.com/images/I/41MPb323UrL._SL500_.jpg","2"
"books","Books","The Body Keeps the Score: Brain, Mind, and Body in the Healing of Trauma","$18.54","$6.46 (26%)","26","https://www.amazon.ca/dp/0143127748?tag=lesdealsduw02-20&linkCode=osi&th=1&psc=1","https://m.media-amazon.com/images/I/41gOE+HnOfL._SL500_.jpg","1"
"books","Books","Broken Country (Reese's Book Club)","$20.00","$6.99 (26%)","26","https://www.amazon.ca/dp/1668093642?tag=lesdealsduw02-20&linkCode=osi&th=1&psc=1","https://m.media-amazon.com/images/I/51J2RCUrYJL._SL500_.jpg","2"
"books","Books","Atmosphere: A Love Story","$20.00","$6.99 (26%)","26","https://www.amazon.ca/dp/0385695829?tag=lesdealsduw02-20&linkCode=osi&th=1&psc=1","https://m.media-amazon.com/images/I/518f0Uwqi9L._SL500_.jpg","2"
"camping equipment","Outdoor","LHKNL Headlamp Flashlight, 1200 Lumen Ultra-Light Bright LED Rechargeable Headlight with White Red Light,2-Pack Waterproof Motion Sensor Head Lamp,8 Mode for Outdoor Camping Running Hiking Fishing","$24.29 ($12.14 / count)","$8.70 (26%)","26","https://www.amazon.ca/dp/B08D66HCXW?tag=lesdealsduw02-20&linkCode=osi&th=1&psc=1","https://m.media-amazon.com/images/I/51URfm2B1TL._SL500_.jpg","1"
"ethernet cable","Networking & Connectivity","Amazon Basics RJ45 Cat-6 Ethernet Patch Internet Cable - 15 Feet (4.57 Meters)","$8.56","$2.95 (26%)","26","https://www.amazon.ca/dp/B089MGH8W3?tag=lesdealsduw02-20&linkCode=osi&th=1&psc=1","https://m.media-amazon.com/images/I/31tztFf42nL._SL500_.jpg","1"
"ethernet switch","Networking & Connectivity","NETGEAR 8-Port Gigabit Ethernet Unmanaged Switch (GS308) Home Network Hub, Office Ethernet Splitter, Plug-and-Play, Desktop or Wall Mount, Black","$24.99","$9.00 (26%)","26","https://www.amazon.ca/dp/B07PFYM5MZ?tag=lesdealsduw02-20&linkCode=osi&th=1&psc=1","https://m.media-amazon.com/images/I/31uEupbfioL._SL500_.jpg","1"
"gaming chair","Gaming","Video Gaming Chair with Footrest, Ergonomic Gamer Chair with Lumbar Support, Height Adjustable Swivel Racing Gaming Massage Chair, Reclining Computer Office Desk Chair for Adults","$132.99","$47.00 (26%)","26","https://www.amazon.ca/dp/B0CJBRSFJX?tag=lesdealsduw02-20&linkCode=osi&th=1&psc=1","https://m.media-amazon.com/images/I/41zl+pHjDKL._SL500_.jpg","2"
"gaming headset","Gaming","CORSAIR VOID RGB ELITE Wireless Gaming Headset – 7.1 Surround Sound – Omni-Directional Microphone – Microfiber Mesh Earpads – Up to 40ft Range – iCUE Compatible – PC, Mac, PS5, PS4 – Carbon","$114.99","$40.00 (26%)","26","https://www.amazon.ca/dp/B07X8SJ8HM?tag=lesdealsduw02-20&linkCode=osi&th=1&psc=1","https://m.media-amazon.com/images/I/41bhtqqRXnL._SL500_.jpg","2"
"gaming laptop","Gaming","ASUS Gaming V16 Laptop, 16” WUXGA 144Hz Anti-Glare Display, Intel® Core™ 7 Processor 240H, NVIDIA® GeForce® RTX™ 3050, 16GB Memory, 1TB SSD, Windows 11 Home, Matte Black, V3607VJ-AS74-CA","$999.00","$350.00 (26%)","26","https://www.amazon.ca/dp/B0CW5W7WKG?tag=lesdealsduw02-20&linkCode=osi&th=1&psc=1","https://m.media-amazon.com/images/I/414tmAEDz3L._SL500_.jpg","1"
"glockenspiel","Music","MAYQMAY Foldable 30 Note Glockenspiel Xylophone Wooden Frame Aluminum Bars Educational Percussion Musical Instrument with Carrying Bag","$66.39","$23.60 (26%)","26","https://www.amazon.ca/dp/B0C5MM1XB5?tag=lesdealsduw02-20&linkCode=osi&th=1&psc=1","https://m.media-amazon.com/images/I/41odSjoQ9iL._SL500_.jpg","1"
"headphones","Audio","KVIDIO Bluetooth Headphones Over Ear, 65 Hours Wireless Headphones with Microphone, Foldable Lightweight HiFi Stereo Headset with Deep Bass Headphones for Travel Work Laptop PC Cellphone","$36.99","$13.00 (26%)","26","https://www.amazon.ca/dp/B09BF64J55?tag=lesdealsduw02-20&linkCode=osi&th=1&psc=1","https://m.media-amazon.com/images/I/41aXNBJ4b8L._SL500_.jpg","2"
"home essentials","Home","Fvviia Paper Towel Holder Under Cabinet, Self Adhesive and Drilling Paper Towel Holder Wall Mount, Under Cabinet Paper Towel Holder for Kitchen Bathroom, SUS304 Stainless Steel","$13.99","$5.00 (26%)","26","https://www.amazon.ca/dp/B0928MXJ3Y?tag=lesdealsduw02-20&linkCode=osi&th=1&psc=1","https://m.media-amazon.com/images/I/31O3ey+q78L._SL500_.jpg","1"
"humidifier","Home","Pharata Humidifiers for Bedroom Large Room, 2.5L Cool Mist Humidifier with Essential Oil Diffuser, Top Fill Humidifier for Baby, Home, Plant, Ultrasonic Humidification for whole house, Auto Shut-Off","$36.99","$13.00 (26%)","26","https://www.amazon.ca/dp/B09XJW3NN2?tag=lesdealsduw02-20&linkCode=osi&th=1&psc=1","https://m.media-amazon.com/images/I/219D097hpwL._SL500_.jpg","1"
"jewelry","Fashion & Accessories","Gold Hoop Earrings Set for Women, Dainty 14K Gold Plated Small Gold Earrings for Multiple Piercing, Stackable Gold Huggie Earrings for Women","$13.99","$5.00 (26%)","26","https://www.amazon.ca/dp/B0D9GLZNQW?tag=lesdealsduw02-20&linkCode=osi&th=1&psc=1","https://m.media-amazon.com/images/I/21ubhTL1EkL._SL500_.jpg","2"
"kitchen organizer","Kitchen","Pots and Pans Organizer for Cabinet, ORDORA 8 Tier Pot Rack with 3 DIY Methods, Adjustable Pan Organizer Rack for Cabinet, Pot Organizer for Kitchen Organization & Storage, Pot Lid Organizer","$33.99","$12.00 (26%)","26","https://www.amazon.ca/dp/B08DY9HRWD?tag=lesdealsduw02-20&linkCode=osi&th=1&psc=1","https://m.media-amazon.com/images/I/51908ZIdY+L._SL500_.jpg","1"
"kitchen storage","Kitchen","SONGMICS 5-Tier Metal Storage Rack, Shelving Unit with X Side Frames, Dense Mesh, 12.6 x 23.6 x 57.3 Inches, for Entryway, Kitchen, Living Room, Bathroom, Industrial Style, Ink Black UBSC165B01","$62.99","$22.00 (26%)","26","https://www.amazon.ca/dp/B0BR5L9KSZ?tag=lesdealsduw02-20&linkCode=osi&th=1&psc=1","https://m.media-amazon.com/images/I/41NOzxK2h-L._SL500_.jpg","1"
"lego blocks","Toys & Games","LEGO Classic Creative Vehicles, Colorful Construction Brick Building Kit with Ice Cream Truck, Police Car Toy, Model City Cars and More, Gift or Car Toy for Boys, Girls and Kids Ages 5 and Up, 11036","$52.04","$17.95 (26%)","26","https://www.amazon.ca/dp/B01N9DNQAU?tag=lesdealsduw02-20&linkCode=osi&th=1&psc=1","https://m.media-amazon.com/images/I/51Xk3McJMLL._SL500_.jpg","1"
"noise cancelling headphones","Audio","Sony WH-CH720N Noise Cancelling Wireless Headphones Bluetooth Over The Ear Headset with Microphone and Alexa Voice Control, Black","$183.98","$66.01 (26%)","26","https://www.amazon.ca/dp/B0BS1QCFHX?tag=lesdealsduw02-20&linkCode=osi&th=1&psc=1","https://m.media-amazon.com/images/I/31+CMjgVyHL._SL500_.jpg","1"
"notebooks","School & Stationery","Oxford Notebooks, Spiral Notebook 6 Pack, 1 Subject, Wide Ruled Paper, 8"" x 10-1/2"", Blue, Yellow, Red, Light Blue, Green, Black, 70 Sheets, for School, Office","$13.47","$4.63 (26%)","26","https://www.amazon.ca/dp/B0B196BXQK?tag=lesdealsduw02-20&linkCode=osi&th=1&psc=1","https://m.media-amazon.com/images/I/41yCRjL19cL._SL500_.jpg","1"
"portable power station","Power & Chargers","Anker SOLIX C300 Portable Power Station, 288Wh LiFePO4 Battery, 300W (600W Surge) Solar Generator, 140W Two-Way Fast Charging, for Camping, Traveling, and Emergencies (Solar Panel Optional)","$289.99","$100.00 (26%)","26","https://www.amazon.ca/dp/B0D62GMQ3F?tag=lesdealsduw02-20&linkCode=osi&th=1&psc=1","https://m.media-amazon.com/images/I/31F-9fr3TnL._SL500_.jpg","1"
"protein bars","Food","NATURE VALLEY Peanut Almond and Dark Chocolate Flavour Protein Bars, Granola Bars, Made with Real Peanuts, Source of Protein, Pack of 4 Protein Bars","$2.97 ($2.01 / 100 g)","$1.02 (26%)","26","https://www.amazon.ca/dp/B00FWJFBS0?tag=lesdealsduw02-20&linkCode=osi&th=1&psc=1","https://m.media-amazon.com/images/I/51i3+f+BRrL._SL500_.jpg","1"
"protein bars","Food","NATURE VALLEY Peanut Butter Dark Chocolate Protein Bars, Snack Bars, Granola Bars, Made with Real Peanuts, Source of Protein, Pack of 4 Protein Bars","$2.97 ($2.01 / 100 g)","$1.02 (26%)","26","https://www.amazon.ca/dp/B00FWJFBWQ?tag=lesdealsduw02-20&linkCode=osi&th=1&psc=1","https://m.media-amazon.com/images/I/51UpK5YqLxL._SL500_.jpg","2"
"soundbar","Audio","LG SK1-2.0 Channel Compact Soundbar, Bluetooth Compatibility, Wireless Subwoofer, Dolby Digital (SK1.ACANLLK).","$72.43","$25.57 (26%)","26","https://www.amazon.ca/dp/B07D5JSL3L?tag=lesdealsduw02-20&linkCode=osi&th=1&psc=1","https://m.media-amazon.com/images/I/31Cy2r2nX8L._SL500_.jpg","1"
"toothbrush","Beauty & Health","Oral-B Pro Limited Electric Toothbrush, Black, Rechargeable Power Toothbrush with 2 Brush Heads and Travel Case","$89.00","$30.99 (26%)","26","https://www.amazon.ca/dp/B0B1RJ8FDJ?tag=lesdealsduw02-20&linkCode=osi&th=1&psc=1","https://m.media-amazon.com/images/I/41wKVHdJF8L._SL500_.jpg","2"
"toys","Toys & Games","Mattel Games Magic 8 Ball Toys and Games, Original Fortune Teller Ball, Ask a Question and Turn Over For Answer​​","$9.56","$3.43 (26%)","26","https://www.amazon.ca/dp/B00001ZWV7?tag=lesdealsduw02-20&linkCode=osi&th=1&psc=1","https://m.media-amazon.com/images/I/51JI-YNlzyL._SL500_.jpg","1"
"trash bags","Home","1.2 Gallon Trash Bags, Small Garbage Bags 4.5L Trash Bags Wastebasket Liners Bags for Kitchen Bathroom Office (150 Counts)","$16.19 ($0.11 / count)","$5.80 (26%)","26","https://www.amazon.ca/dp/B08DY7L439?tag=lesdealsduw02-20&linkCode=osi&th=1&psc=1","https://m.media-amazon.com/images/I/41RIunm6QVL._SL500_.jpg","2"
"workout clothes","Sports & Fitness","GIMDUMASA Gym Shorts for Women High Waisted Shorts Women Black Biker Shorts with Pockets Yoga Workout Shorts for Running Bicycle Cycling Athletic Sport Ladies","$16.99","$6.00 (26%)","26","https://www.amazon.ca/dp/B08DCS1GZ3?tag=lesdealsduw02-20&linkCode=osi&th=1&psc=1","https://m.media-amazon.com/images/I/318JDPIZgCL._SL500_.jpg","2"
"yoga straps","Sports & Fitness","4 PCS Yoga Strap, 8 Feet Cotton Yoga Strap Belt Anti-Slip Stretch Band with Adjustable D-Ring Buckle Stretching Exercise Fitness Bands for Yoga Pilates Gym Exercise","$13.99","$5.00 (26%)","26","https://www.amazon.ca/dp/B094CS52KK?tag=lesdealsduw02-20&linkCode=osi&th=1&psc=1","https://m.media-amazon.com/images/I/51GRMsmihQL._SL500_.jpg","2"
"amazon basics","General","Amazon Basics Wood-Cased #2 Pencils, Pre-sharpened, HB Lead Bulk Box, 150 Count, Yellow","$15.29","$5.15 (25%)","25","https://www.amazon.ca/dp/B071JM699P?tag=lesdealsduw02-20&linkCode=osi&th=1&psc=1","https://m.media-amazon.com/images/I/41N5gLDbQuL._SL500_.jpg","1"
"amazon basics","General","Amazon Basics 150-Pack AA Alkaline Industrial Batteries, 1.5 Volt, 5-10 Year Shelf Life","$39.02","$13.26 (25%)","25","https://www.amazon.ca/dp/B07VPQGVBF?tag=lesdealsduw02-20&linkCode=osi&th=1&psc=1","https://m.media-amazon.com/images/I/41ADdc1x8uL._SL500_.jpg","1"
"amazon essentials clothing","General","Amazon Essentials Women's Short-Sleeve Scoopneck Tunic, Pack of 2, Burgundy/Dark Olive, Large","$24.90","$8.09 (25%)","25","https://www.amazon.ca/dp/B097RPR9FK?tag=lesdealsduw02-20&linkCode=osi&th=1&psc=1","https://m.media-amazon.com/images/I/314tbr-OB2L._SL500_.jpg","2"
"apple products","Smartphones","iPhone 14 Charger 10ft, 5 Pack (Apple MFi Certified) Long Lightning Cable, High Fast 10 Foot Apple Charging Cables Cord Connector for iPhone 14 Plus 14 13 Pro Max 12 Pro Max XS Xr X AirPods","$15.74","$5.25 (25%)","25","https://www.amazon.ca/dp/B08VFRQ2DY?tag=lesdealsduw02-20&linkCode=osi&th=1&psc=1","https://m.media-amazon.com/images/I/41TZh7MIeHL._SL500_.jpg","2"
"baby blanket","Baby","Soarwg Kids Baby Blankets Unisex Newborn, Super Soft Comfy Rainbow Blankets, for Toddler Baby Nursery Bed Blanket Stroller Crib Shower Gifts 75 x 100 cm","$18.69","$6.30 (25%)","25","https://www.amazon.ca/dp/B0BJ22BD2W?tag=lesdealsduw02-20&linkCode=osi&th=1&psc=1","https://m.media-amazon.com/images/I/41eGZZsRzpL._SL500_.jpg","1"
"ballpoint pen","School & Stationery","Parker Jotter Ballpoint Pen, Stainless Steel with Chrome Trim, Medium Point, Blue Ink, Gift Box, ‎1 Count (Pack of 1)","$20.03","$6.56 (25%)","25","https://www.amazon.ca/dp/B01DJBHEFU?tag=lesdealsduw02-20&linkCode=osi&th=1&psc=1","https://m.media-amazon.com/images/I/21D-y7Yh0iL._SL500_.jpg","1"
"black friday deals","Events","Amazon Fire TV Stick 4K Max (newest model), streaming device, supports Wi-Fi 6E, free & live TV without cable or satellite","$59.99","$20.00 (25%)","25","https://www.amazon.ca/dp/B0BXM37848?tag=lesdealsduw02-20&linkCode=osi&th=1&psc=1","https://m.media-amazon.com/images/I/41XdMklCW+L._SL500_.jpg","1"
"board games","Toys & Games","Monkey Palace - A Lego® Board Game - English and French Version - Fun Strategy Game for Family Game Night - Game for Kids and Adults - Ages 10+ - 2-4 Players - 45 Minutes - by Dotted Games","$29.97","$10.00 (25%)","25","https://www.amazon.ca/dp/B0D6T21FCB?tag=lesdealsduw02-20&linkCode=osi&th=1&psc=1","https://m.media-amazon.com/images/I/41aJ92sFL3L._SL500_.jpg","2"
"books","Books","Every Summer After","$18.66","$6.29 (25%)","25","https://www.amazon.ca/dp/0735243751?tag=lesdealsduw02-20&linkCode=osi&th=1&psc=1","https://m.media-amazon.com/images/I/41PRoIzze3L._SL500_.jpg","1"
"car cleaner","Home","BISSELL Little Green Proheat Portable Deep Cleaner/Spot Cleaner and Car/Auto Detailers with Self-Cleaning HydroRinse Tool for Carpet and Upholstery, 2513E","$104.99","$35.00 (25%)","25","https://www.amazon.ca/dp/B07QCW1MZX?tag=lesdealsduw02-20&linkCode=osi&th=1&psc=1","https://m.media-amazon.com/images/I/41ohnup7O-L._SL500_.jpg","1"
"car seat cover","Automotive","BDK Croc Skin Faux Leather Full Set Black – Front and Back Split Bench Seat Covers, Airbag Compatible, Interior Covers for Cars Trucks Vans and SUVs","$67.38","$21.91 (25%)","25","https://www.amazon.ca/dp/B081TKTQW3?tag=lesdealsduw02-20&linkCode=osi&th=1&psc=1","https://m.media-amazon.com/images/I/41Bsl1Hn96L._SL500_.jpg","2"
"children toys","Toys & Games","PicassoTiles Magnetic Tiles 60pcs Kids Toys Classroom Sensory Toy for Toddlers STEM Learning Building Blocks, Montessori Pretend Play Magnet Tile Construction Stacking Block Boys Girls Ages 3+ PT60","$31.49","$10.50 (25%)","25","https://www.amazon.ca/dp/B00APVXSM6?tag=lesdealsduw02-20&linkCode=osi&th=1&psc=1","https://m.media-amazon.com/images/I/51yFpdubvPL._SL500_.jpg","2"
"chocolate","Food","Reese's Puffs - Family Pack Size - Peanut Butter and Cocoa Flavour Cereal Bars, Pack of 16 Bars, Made with Real Reese's Peanut Butter","$6.77 ($1.76 / 100 g)","$2.22 (25%)","25","https://www.amazon.ca/dp/B08HF61Q5X?tag=lesdealsduw02-20&linkCode=osi&th=1&psc=1","https://m.media-amazon.com/images/I/51dY0ZhaxDL._SL500_.jpg","2"
"desk lamp","Home","Fenmzee Bedside Table Lamp for Bedroom - 3 Way Dimmable Touch Lamp USB C Charging Ports and AC Outlet, Small Lamp Wood Base Round Flaxen Fabric Shade for Living Room, Desk, LED Bulb Included","$29.99","$10.00 (25%)","25","https://www.amazon.ca/dp/B0BZXNSW5K?tag=lesdealsduw02-20&linkCode=osi&th=1&psc=1","https://m.media-amazon.com/images/I/4112uvSpoML._SL500_.jpg","1"
"ethernet switch","Networking & Connectivity","UGREEN Ethernet Switch, 5 Port Gigabit Ethernet Splitter, Plug & Play, Wall Mount & Desktop Network Switch Hub, Unmanaged, Compact, with LED, Fanless Quiet, for Internet Cable, Laptop, Router, NAS","$14.99","$5.00 (25%)","25","https://www.amazon.ca/dp/B0D9JBTBZB?tag=lesdealsduw02-20&linkCode=osi&th=1&psc=1","https://m.media-amazon.com/images/I/31lGbvu1FGL._SL500_.jpg","1"
"fashion","Fashion & Accessories","Madison Avenue Blue Light Blocking Glasses Oversized Fashion Blue Light Glasses for Women Anti Eyestrain & UV Protection Computer Eyeglasses (Grey Demi)","$19.50","$6.49 (25%)","25","https://www.amazon.ca/dp/B09PG5PLKK?tag=lesdealsduw02-20&linkCode=osi&th=1&psc=1","https://m.media-amazon.com/images/I/31LhERSYlCL._SL500_.jpg","1"
"file folder","School & Stationery","Amazon Basics Expanding Organizer File Folder, Letter Size - Black, 1-Pack","$12.46","$4.16 (25%)","25","https://www.amazon.ca/dp/B01B25NN64?tag=lesdealsduw02-20&linkCode=osi&th=1&psc=1","https://m.media-amazon.com/images/I/31FUJtGMhfL._SL500_.jpg","1"
"file folder","School & Stationery","Amazon Basics File Folders, Letter Size, 1/3 Cut Tab, Pink, 36-Pack","$12.10","$4.04 (25%)","25","https://www.amazon.ca/dp/B07TQWWN8F?tag=lesdealsduw02-20&linkCode=osi&th=1&psc=1","https://m.media-amazon.com/images/I/313oa5psaQL._SL500_.jpg","1"
"file folder","School & Stationery","AmazonBasics Hanging Organizer File Folders - Letter Size, Green, 25-Pack","$16.83","$5.61 (25%)","25","https://www.amazon.ca/dp/B00V5DG6IQ?tag=lesdealsduw02-20&linkCode=osi&th=1&psc=1","https://m.media-amazon.com/images/I/41hB3g5m4NL._SL500_.jpg","1"
"fitness tracker","Wearables","Fitness Tracker with 24/7 Heart Rate Blood Oxygen Sleep Monitor,Activity Tracker with 1.1"" AMOLED Touch Color Screen, Multiple Sport Modes Step Counter,IP68 Waterproof for Women Men (Black)","$29.99","$10.00 (25%)","25","https://www.amazon.ca/dp/B0DSBW9YFB?tag=lesdealsduw02-20&linkCode=osi&th=1&psc=1","https://m.media-amazon.com/images/I/41uMUYIK6tL._SL500_.jpg","1"
"floor cleaner","Home","Swiffer PowerMop Multi-Surface Mop Kit for Floor Cleaning, Fresh Scent, Mopping Kit Includes PowerMop, 2 Mopping Pad Refills, 1 Floor Cleaning Solution with Fresh Scent and 2 Batteries","$29.97","$10.00 (25%)","25","https://www.amazon.ca/dp/B0DBR8THS3?tag=lesdealsduw02-20&linkCode=osi&th=1&psc=1","https://m.media-amazon.com/images/I/51HVpz4iG2L._SL500_.jpg","2"
"folders","School & Stationery","Amazon Basics Heavy Duty Plastic Folders with 2 Pockets for Letter Size Paper, Assorted Colors, Pack of 6","$11.46","$3.83 (25%)","25","https://www.amazon.ca/dp/B07K8XVD11?tag=lesdealsduw02-20&linkCode=osi&th=1&psc=1","https://m.media-amazon.com/images/I/31duj6NByQL._SL500_.jpg","2"
"gaming","Gaming","Acer Nitro V ANV15-51-55QN, 15.6"" FHD 1920x1080 IPS Gaming Laptop, Intel Core i5-13420H Processor, NVIDIA GeForce RTX 3050 Graphics, 16GB DDR5 RAM, 512GB PCIe SSD, Windows 11","$899.00","$300.99 (25%)","25","https://www.amazon.ca/dp/B0CSQDCGPX?tag=lesdealsduw02-20&linkCode=osi&th=1&psc=1","https://m.media-amazon.com/images/I/31TRriKj0kL._SL500_.jpg","1"
"gaming","Gaming","Govee RGBIC Gaming Light Bars H6047 with Smart Controller, Wi-Fi Smart LED Gaming Lights with Music Modes and 60+ Scene Modes Built, Works with Alexa & Google Assistant, New Year Lights Decor","$89.99","$30.00 (25%)","25","https://www.amazon.ca/dp/B0B6CQ2LQ2?tag=lesdealsduw02-20&linkCode=osi&th=1&psc=1","https://m.media-amazon.com/images/I/41HpfvaprLL._SL500_.jpg","2"
"gaming accessories","Gaming","COLORCORAL Keyboard Cleaner Universal Cleaning Gel, Detailing Car Interior Cleaning Putty Cleaner Wipes Swaps for Car Vents, Gaming, PC Tablet Laptop Computer, Cameras, Printers 160G","$11.99","$4.00 (25%)","25","https://www.amazon.ca/dp/B07GW9TJ3G?tag=lesdealsduw02-20&linkCode=osi&th=1&psc=1","https://m.media-amazon.com/images/I/41G7PUZxF3L._SL500_.jpg","2"
"gaming keyboard","Gaming","Gaming Keyboard, 104 Keys All-Metal Panel, Dacoity Rainbow LED Backlit Quiet Computer Keyboard, Wrist Rest, Multimedia Keys, Anti-ghosting Keys, Waterproof Light Up USB Wired Keyboard for PC Mac Xbox","$29.99","$10.00 (25%)","25","https://www.amazon.ca/dp/B09TZWLFLY?tag=lesdealsduw02-20&linkCode=osi&th=1&psc=1","https://m.media-amazon.com/images/I/51zOJErKCJL._SL500_.jpg","1"
"gaming keyboard","Gaming","CORSAIR K70 CORE RGB Mechanical Gaming Keyboard with Palmrest - Pre-lubricated Corsair MLX Red Linear Keyswitches - Sound Dampening - Media Control Dial - iCUE Compatible - QWERTY NA Layout - Black","$119.99","$40.00 (25%)","25","https://www.amazon.ca/dp/B0CH3MRGK7?tag=lesdealsduw02-20&linkCode=osi&th=1&psc=1","https://m.media-amazon.com/images/I/414FeK0miAL._SL500_.jpg","2"
"gaming laptop","Gaming","ASUS TUF Gaming F16 (2025) Gaming Laptop, 16” WUXGA FHD+ 144Hz, 100% sRGB Display, GeForce RTX 4050, Intel® Core™ 5 Processor 210H, 16GB DDR5, 1TB PCIe SSD Gen 4, Wi-Fi 6, Windows 11, FX607VU-AS51-CA","$1,199.00","$400.00 (25%)","25","https://www.amazon.ca/dp/B0CZDDTLGB?tag=lesdealsduw02-20&linkCode=osi&th=1&psc=1","https://m.media-amazon.com/images/I/41DYedKOgXL._SL500_.jpg","1"
"hair dryer","Beauty & Health","Laifen Hair Dryer SE Lite, Blow Dryer with Nozzle for Curly Hair, 200M Ionic Hair Dryer with 105,000 RPM Low Noise Brushless Motor for High-Speed Drying, for Travel & Home 2024 Upgraded (Purple)","$97.49","$32.50 (25%)","25","https://www.amazon.ca/dp/B0D1K64J6V?tag=lesdealsduw02-20&linkCode=osi&th=1&psc=1","https://m.media-amazon.com/images/I/21f3KjYReCL._SL500_.jpg","2"
"hockey","Sports & Fitness","101 Hockey Jokes","$5.99","$2.00 (25%)","25","https://www.amazon.ca/dp/1443113336?tag=lesdealsduw02-20&linkCode=osi&th=1&psc=1","https://m.media-amazon.com/images/I/415cstX26YL._SL500_.jpg","1"
"home essentials","Home","Vegetable Chopper Cutter Mandoline Slicer Cheese Grater - Food Onion Salad Veggie Chopper with Container - French Fry Potato Dicer Slicer Cutter - Kitchen Tools Gadgets (6-in-1 Compact White)","$29.99","$10.00 (25%)","25","https://www.amazon.ca/dp/B0BHSXFTGH?tag=lesdealsduw02-20&linkCode=osi&th=1&psc=1","https://m.media-amazon.com/images/I/51vE07GRLrL._SL500_.jpg","1"
"home essentials","Home","Leebein Electric Spin Scrubber, Cordless Cleaning Brush with 8 Replaceable Brush Heads, Tub and Floor Tile Power Scrubber Dual Speed with Adjustable & Detachable Handle for Bathroom Cleaning","$59.99","$20.00 (25%)","25","https://www.amazon.ca/dp/B09P51V2LH?tag=lesdealsduw02-20&linkCode=osi&th=1&psc=1","https://m.media-amazon.com/images/I/511Rd1EJrLL._SL500_.jpg","2"
"hotspot","Networking & Connectivity","GL.iNet GL-MT3000 (Beryl AX) Pocket-Sized Wi-Fi 6 Wireless Travel Gigabit Router | WiFi Router | OpenVPN, Wireguard, Connect to Public & Hotel Wi-Fi login Page, RV","$120.99","$39.91 (25%)","25","https://www.amazon.ca/dp/B0BPSGJN7T?tag=lesdealsduw02-20&linkCode=osi&th=1&psc=1","https://m.media-amazon.com/images/I/31cQhCMxTqL._SL500_.jpg","2"
"humidifier","Home","Homvana Humidifiers for Bedroom Home, 3.6L Cool Mist Top-Fill 34H Super Long Time, Quiet 23dB, Baby Humidifier, Oil Diffuser for Large Room, Plants, Nursery, Office BPA FREE, 7 Color Light Ultrasonic","$44.99","$14.99 (25%)","25","https://www.amazon.ca/dp/B0BB3TPQ91?tag=lesdealsduw02-20&linkCode=osi&th=1&psc=1","https://m.media-amazon.com/images/I/31eZYxMuX5L._SL500_.jpg","1"
"iphone case","Smartphones","JETech Case for iPhone 14 6.1-Inch, Non-Yellowing Shockproof Phone Bumper Cover, Anti-Scratch Clear Back (Clear)","$11.99","$4.00 (25%)","25","https://www.amazon.ca/dp/B0B8RHKTXQ?tag=lesdealsduw02-20&linkCode=osi&th=1&psc=1","https://m.media-amazon.com/images/I/41eo1tfyznL._SL500_.jpg","1"
"iphone case","Smartphones","JETech Case for iPhone 14 Plus 6.7-Inch, Non-Yellowing Shockproof Phone Bumper Cover, Anti-Scratch Clear Back (Clear)","$11.99","$4.00 (25%)","25","https://www.amazon.ca/dp/B0B8RG4K7W?tag=lesdealsduw02-20&linkCode=osi&th=1&psc=1","https://m.media-amazon.com/images/I/41IrmPh7c0L._SL500_.jpg","2"
"juice","Food","Ceres Mango Fruit Juice, 1L","$2.99 ($2.99 / l)","$1.00 (25%)","25","https://www.amazon.ca/dp/B00589QWIW?tag=lesdealsduw02-20&linkCode=osi&th=1&psc=1","https://m.media-amazon.com/images/I/41EGTy04l0L._SL500_.jpg","1"
"keyboard","Computers & Laptops","Logitech MK235 Wireless Keyboard and Mouse Combo for Windows, 2.4 GHz Wireless Unifying USB Receiver, 15 FN Keys, Long Battery Life, Compatible with PC, Laptop","$29.99","$10.00 (25%)","25","https://www.amazon.ca/dp/B01AROOL12?tag=lesdealsduw02-20&linkCode=osi&th=1&psc=1","https://m.media-amazon.com/images/I/41anJASNJoL._SL500_.jpg","1"
"keyboard","Computers & Laptops","Amazon Basics Matte Black Wired Keyboard, US QWERTY Layout","$23.77","$7.93 (25%)","25","https://www.amazon.ca/dp/B07WJ5D3H4?tag=lesdealsduw02-20&linkCode=osi&th=1&psc=1","https://m.media-amazon.com/images/I/41nSmwAwZHL._SL500_.jpg","2"
"keyboard","Computers & Laptops","RK ROYAL KLUDGE R75 Mechanical Keyboard Wired with Volume Knob, 75% Keyboard Gasket Mounted, Hot Swappable, Creamy Sound, MDA Profile, PBT Keycaps","$67.49","$22.50 (25%)","25","https://www.amazon.ca/dp/B0CJ2LXNFN?tag=lesdealsduw02-20&linkCode=osi&th=1&psc=1","https://m.media-amazon.com/images/I/41ygOV7Gx-L._SL500_.jpg","2"
"kindle","Computers & Laptops","Amazon Fire HD 8 tablet, 8” HD Display, 3GB memory, 32GB, designed for portable entertainment, Black, (2024 release)","$89.99","$30.00 (25%)","25","https://www.amazon.ca/dp/B0CVDNLYYS?tag=lesdealsduw02-20&linkCode=osi&th=1&psc=1","https://m.media-amazon.com/images/I/41f+Hss7JKL._SL500_.jpg","1"
"kettlebell","Sports & Fitness","Yes4All Vinyl Coated Kettlebell Weights Set – Great for Full Body Workout and Strength Training – Vinyl Kettlebell 15 lbs","$30.60","$10.20 (25%)","25","https://www.amazon.ca/dp/B0093CMYSM?tag=lesdealsduw02-20&linkCode=osi&th=1&psc=1","https://m.media-amazon.com/images/I/41ZNgl5dRhL._SL500_.jpg","1"
"kettlebell","Sports & Fitness","Yes4All Adjustable Kettlebell Set for Women - Pink 5-12lb Home Gym Weight Set","$48.29","$15.76 (25%)","25","https://www.amazon.ca/dp/B0BP18KRM6?tag=lesdealsduw02-20&linkCode=osi&th=1&psc=1","https://m.media-amazon.com/images/I/31ezZcwgTqL._SL500_.jpg","1"
"lego","Toys & Games","LEGO Creator 3 in 1 Medieval Dragon Toy - Building Toy with 3 Build Options, Dragon, Sea Serpent, or Phoenix - Fantasy Set for Kids, Boys and Girls, Ages 9+ - Gift Idea for Birthdays - 31161","$59.83","$20.16 (25%)","25","https://www.amazon.ca/dp/B0DJ1B4PZR?tag=lesdealsduw02-20&linkCode=osi&th=1&psc=1","https://m.media-amazon.com/images/I/51WEK1IGCLL._SL500_.jpg","2"
"mechanical keyboard","Computers & Laptops","YUNZII B75 PRO Wireless Mechanical Keyboard,75% Layout with Knob,Hot Swap Gasket Custom Structure,Creamy Pre-lubed Switches,RGB Backlit,Bluetooth/Type-C/2.4G for Win/Mac(Cocoa Cream V2 Switch,Purple)","$89.69","$29.90 (25%)","25","https://www.amazon.ca/dp/B0D17X2Y4D?tag=lesdealsduw02-20&linkCode=osi&th=1&psc=1","https://m.media-amazon.com/images/I/41+LA6fk3uL._SL500_.jpg","2"
"mesh wifi","Networking & Connectivity","Amazon eero 6+ mesh wifi system - Supports internet plans up to a Gigabit, Coverage up to 420 m², Connect 75+ devices, 3-Pack","$314.99","$105.00 (25%)","25","https://www.amazon.ca/dp/B08ZK16PWR?tag=lesdealsduw02-20&linkCode=osi&th=1&psc=1","https://m.media-amazon.com/images/I/21344KEerPL._SL500_.jpg","1"
"notebooks","School & Stationery","Amazon Basics Professional Journal, 10.5X7.5 inches, Black, 2-Pack","$22.32","$7.45 (25%)","25","https://www.amazon.ca/dp/B07YLTJHH4?tag=lesdealsduw02-20&linkCode=osi&th=1&psc=1","https://m.media-amazon.com/images/I/31esU45QwFL._SL500_.jpg","2"
"pencil case","School & Stationery","iSuperb Large Pencil Case 3 Compartments Pencil Pouch Big Capacity Pencil Bag Oxford Stationery Storage Pen Bag Cosmetic Makeup Pouch for Women Girls (Green)","$14.99","$5.00 (25%)","25","https://www.amazon.ca/dp/B08TLZSD99?tag=lesdealsduw02-20&linkCode=osi&th=1&psc=1","https://m.media-amazon.com/images/I/51oI1L0VKRL._SL500_.jpg","1"
"pencils","School & Stationery","Amazon Basics Woodcased Classroom #2 Pencils with Erasers, Pre-sharpened, HB Lead, Value Pack of 30 count, Orange","$6.09","$2.04 (25%)","25","https://www.amazon.ca/dp/B071JM699B?tag=lesdealsduw02-20&linkCode=osi&th=1&psc=1","https://m.media-amazon.com/images/I/31odGUQruqL._SL500_.jpg","1"
"phone stand","Smartphones","OGMAPLE Cell Phone Stand, Angle Height Adjustable Cell Phone Holder with Silicon Pad for Desk Fully Forldable Mobile Phone Holder Compatible with All Mobile Phones, MT-6, (White)","$7.50","$2.49 (25%)","25","https://www.amazon.ca/dp/B092J6LZPF?tag=lesdealsduw02-20&linkCode=osi&th=1&psc=1","https://m.media-amazon.com/images/I/31bOtLQw2YL._SL500_.jpg","2"
"playstation 5","Gaming","PlayStation 5 Console - Disc Edition - God of War Ragnarök Bundle","$749.99","$249.98 (25%)","25","https://www.amazon.ca/dp/B0BHF3ZDQW?tag=lesdealsduw02-20&linkCode=osi&th=1&psc=1","https://m.media-amazon.com/images/I/31LkCLJFK-L._SL500_.jpg","2"
"resistance bands","Sports & Fitness","Sensyne Resistance Bands Set 16PCS Exercise Band for Working Out Up to 150 lbs, for Indoor and Outdoor Sports, Fitness, Suspension, Speed Strength, Baseball Softball Training, Home Gym, Yoga","$29.99","$10.00 (25%)","25","https://www.amazon.ca/dp/B08JM4G4GS?tag=lesdealsduw02-20&linkCode=osi&th=1&psc=1","https://m.media-amazon.com/images/I/51xBuU09-oL._SL500_.jpg","2"
"router","Networking & Connectivity","NETGEAR WiFi 6 Router (R6700AXv3) – Security Features, AX1800 Wireless Speed (Up to 1.8 Gbps) - Covers up to 1,500 sq. ft., 20 Devices","$76.79","$25.59 (25%)","25","https://www.amazon.ca/dp/B0DW1TXQC5?tag=lesdealsduw02-20&linkCode=osi&th=1&psc=1","https://m.media-amazon.com/images/I/31qzWqA0ujL._SL500_.jpg","1"
"running shoes women","Shoes","EvinTer Women's Running Shoes Lightweight Comfortable Mesh Sports Shoes Casual Walking Athletic Sneakers Black","$29.99","$10.00 (25%)","25","https://www.amazon.ca/dp/B07Q36PP2X?tag=lesdealsduw02-20&linkCode=osi&th=1&psc=1","https://m.media-amazon.com/images/I/41FnMngyBmL._SL500_.jpg","1"
"running shoes women","Shoes","ziitop Women's Outdoor Sports Shoes Casual Mesh Air Cushion Sneakers Breathable Running Shoes Black","$29.99","$10.00 (25%)","25","https://www.amazon.ca/dp/B08HMN3YTT?tag=lesdealsduw02-20&linkCode=osi&th=1&psc=1","https://m.media-amazon.com/images/I/41UklXnxdSL._SL500_.jpg","2"
"ski","Sports & Fitness","StoreYourBoard Ski Wall Rack – Horizontal Ski Rack Wall Mount, Holds 3 Pairs of Skis and Poles, Ski and Snowboard Wall Rack for Garage or Home, Holds Up to 40 lbs","$29.99","$10.00 (25%)","25","https://www.amazon.ca/dp/B0046MA9LI?tag=lesdealsduw02-20&linkCode=osi&th=1&psc=1","https://m.media-amazon.com/images/I/41Zy5ASMOXL._SL500_.jpg","2"
"smart home devices","Smart Home","Amazon Echo Show 8 (newest model), With Spatial Audio, Smart Home Hub, and Alexa, Charcoal","$149.99","$50.00 (25%)","25","https://www.amazon.ca/dp/B0BLS3Y632?tag=lesdealsduw02-20&linkCode=osi&th=1&psc=1","https://m.media-amazon.com/images/I/415VaAhwjjL._SL500_.jpg","1"
"student tablet","Computers & Laptops","HiGrace Tablet 10 inch, Android 14 Tablet Octa-Core Processor with 64GB Storage, Dual 5MP+8MP Camera, WiFi 6, Bluetooth, TF 1TB, Performance Tablet (White)","$89.99","$30.00 (25%)","25","https://www.amazon.ca/dp/B0D93TKBPJ?tag=lesdealsduw02-20&linkCode=osi&th=1&psc=1","https://m.media-amazon.com/images/I/41rPTtnNiBL._SL500_.jpg","1"
"surfing","Sports & Fitness","Surf Shack: Laid-Back Living by the Water","$35.30","$11.70 (25%)","25","https://www.amazon.ca/dp/0451496051?tag=lesdealsduw02-20&linkCode=osi&th=1&psc=1","https://m.media-amazon.com/images/I/41biaAiK27L._SL500_.jpg","1"
"tripod","Cameras & Photography","ANXRE Selfie Stick Tripod with Remote, Portable Travel Selfie Stick Tripod, Wireless Selfie Stick Phone Tripod Stand for Cell Phone Compatible with 4-7"" iPhone Samsung Android Smartphones (Black)","$17.99","$6.00 (25%)","25","https://www.amazon.ca/dp/B0BK9P2GVR?tag=lesdealsduw02-20&linkCode=osi&th=1&psc=1","https://m.media-amazon.com/images/I/41IsLW5CeNL._SL500_.jpg","1"
"usb cable","Power & Chargers","Amazon Basics USB 2.0 Printer Type Cable - A-Male to B-Male - 16 Feet (4.8 Meters),Black","$11.40","$3.81 (25%)","25","https://www.amazon.ca/dp/B00BCWALHM?tag=lesdealsduw02-20&linkCode=osi&th=1&psc=1","https://m.media-amazon.com/images/I/31Vhxh8sepL._SL500_.jpg","2"
"webcam","Computers & Laptops","EMEET NOVA 4K Webcam for PC - Ultra 4K HD, PDAF Autofocus, Dual Noise-Cancelling Mics, 73° FOV, Auto Light Correction, USB Plug&Play, Privacy Cover, Ideal for High-End Business Meetings&Live Streaming","$52.49","$17.50 (25%)","25","https://www.amazon.ca/dp/B0CY2C7H6S?tag=lesdealsduw02-20&linkCode=osi&th=1&psc=1","https://m.media-amazon.com/images/I/41Mz6OORdTL._SL500_.jpg","1"
"yoga mat","Sports & Fitness","Amazon Basics 1.3 Centimeter Extra Thick Exercise Yoga Mat with Carrying Strap, Pink","$23.99","$8.00 (25%)","25","https://www.amazon.ca/dp/B01LP0UX9G?tag=lesdealsduw02-20&linkCode=osi&th=1&psc=1","https://m.media-amazon.com/images/I/315+25PM+kL._SL500_.jpg","1"
"4k smart tv","TV & Video","Amazon Fire TV 43"" Omni QLED Series 4K UHD smart TV, Dolby Vision IQ, Fire TV Ambient Experience, hands-free with Alexa","$419.99","$130.00 (24%)","24","https://www.amazon.ca/dp/B09N6L1PMK?tag=lesdealsduw02-20&linkCode=osi&th=1&psc=1","https://m.media-amazon.com/images/I/41Xcqn2jKCL._SL500_.jpg","2"
"baby clothes","Baby","DovFanny Newborn Baby Winter Outfit Knitted Sweater Romper Infant Boy Girl Long Sleeve Hooded Jumpsuit Clothes Denim Blue（3-6M","$23.69","$7.30 (24%)","24","https://www.amazon.ca/dp/B08HP8D3C7?tag=lesdealsduw02-20&linkCode=osi&th=1&psc=1","https://m.media-amazon.com/images/I/41OFXp+GYmL._SL500_.jpg","2"
"baby shoes","Baby","Baby Girls Boys Summer Sandals Soft Comfortable Sole Flats Shoes Newborn Toddler Soft Non-slip Sole First Walker Crib Shoes","$16.41","$5.08 (24%)","24","https://www.amazon.ca/dp/B09NBRCBPT?tag=lesdealsduw02-20&linkCode=osi&th=1&psc=1","https://m.media-amazon.com/images/I/3153GKfNjpL._SL500_.jpg","1"
"camera gear","Cameras & Photography","Tripod Camera Tripods, 74"" Tripod for Camera Cell Phone Video Photography, Heavy Duty Tall Camera Stand Tripod, Professional Travel DSLR Tripods Compatible with Canon Nikon iPhone, Max Load 15 LB","$49.99","$16.00 (24%)","24","https://www.amazon.ca/dp/B09NVBW6T5?tag=lesdealsduw02-20&linkCode=osi&th=1&psc=1","https://m.media-amazon.com/images/I/41cPtJi6qcL._SL500_.jpg","1"
"car mobile holder","Automotive","Miracase Phone Holders for Your Car, Multifunctional Car Phone Holder with Suction Cup Base, Hands Free Universal Cell Phone Car Mount, Automobile Phone Mount Car for iPhone Android Smartphones(Base)","$21.99","$7.00 (24%)","24","https://www.amazon.ca/dp/B0C273FR2T?tag=lesdealsduw02-20&linkCode=osi&th=1&psc=1","https://m.media-amazon.com/images/I/41VTt1VZDXL._SL500_.jpg","1"
"coffee grinder","Kitchen","Salton Coffee Grinder, Electric Blade Grinder for Ground Coffee, Spices, Herbs, Nuts with Stainless Steel Blade, 60 g capacity, 8 Cups, Black (CG1990BK)","$18.98","$6.01 (24%)","24","https://www.amazon.ca/dp/B07SM2WCKV?tag=lesdealsduw02-20&linkCode=osi&th=1&psc=1","https://m.media-amazon.com/images/I/41ObWM6vRUL._SL500_.jpg","2"
"desk lamp","Home","Micomlan Led Desk Lamp with Clamp, Architect Desk Lamp for Home Office with Atmosphere Lighting, 24W Ultra Bright Auto Dimming Desk Light Stepless Dimming and Tempering LED Table Light","$61.18","$18.81 (24%)","24","https://www.amazon.ca/dp/B0BNHNG5CY?tag=lesdealsduw02-20&linkCode=osi&th=1&psc=1","https://m.media-amazon.com/images/I/51ccmdZe2YL._SL500_.jpg","2"
"dock station","Computers & Laptops","UGREEN Revodok USB C Hub, 5-in-1 USB C Adapter with 4K HDMI, 100W Power Delivery, 3 USB A Data Ports, Multiport USB Hub for MacBook Pro/Air, iPad Pro, Surface, XPS, Thinkpad, Galaxy and More, Gray","$24.99","$8.00 (24%)","24","https://www.amazon.ca/dp/B0BR3M8XHK?tag=lesdealsduw02-20&linkCode=osi&th=1&psc=1","https://m.media-amazon.com/images/I/41DJO-tB2pL._SL500_.jpg","2"
"fitness clothing","Sports & Fitness","COOFANDY Men's 3 Pack Workout Tank Top Gym Muscle Tee Fitness Bodybuilding Sleeveless T Shirts","$30.39","$9.60 (24%)","24","https://www.amazon.ca/dp/B08RMYMVFQ?tag=lesdealsduw02-20&linkCode=osi&th=1&psc=1","https://m.media-amazon.com/images/I/51F4G7AWYFL._SL500_.jpg","2"
"gaming accessories","Gaming","VAYDEER Keyboard and Mouse Wrist Rest Pad Set,Padded Memory Foam Hand Rest Support for Office,Computer,Laptop,Mac Typing,Ghristmas Gift for Man Who Wrist Pain Relief and Repair(Large Set)","$22.79","$7.20 (24%)","24","https://www.amazon.ca/dp/B08C56DKS5?tag=lesdealsduw02-20&linkCode=osi&th=1&psc=1","https://m.media-amazon.com/images/I/41CKdBKKQWL._SL500_.jpg","2"
"gaming laptop","Gaming","MSI Vector 16 HX AI A2XWHG-444CA 16"" QHD+ 240Hz 100% DCI-P3 Gaming Laptop, Intel® Core™ Ultra7-255HX, RTX 5070TI, 32GB DDR5 Memory, 2TB NVMe SSD, 24-Zone RGB KB, Thunderbolt 5, Windows 11 Home","$2,799.00","$900.00 (24%)","24","https://www.amazon.ca/dp/B0F5DTXR9M?tag=lesdealsduw02-20&linkCode=osi&th=1&psc=1","https://m.media-amazon.com/images/I/41ld+pM4zBL._SL500_.jpg","2"
"gaming monitor","Gaming","MSI MAG 274CXF, 27"" Curve Gaming Monitor 1500R, 1920 x 1080 (FHD), 0.5ms Rapid VA, 280Hz, FreeSync Premium, HDMI, Displayport, Tilt, HDR Ready","$189.99","$60.00 (24%)","24","https://www.amazon.ca/dp/B0DJRWNB4B?tag=lesdealsduw02-20&linkCode=osi&th=1&psc=1","https://m.media-amazon.com/images/I/41JC4q7DzbL._SL500_.jpg","1"
"gaming monitor","Gaming","MSI G273CQ, 27"" Gaming Monitor | 2560 x 1440 (QHD) | VA | 170Hz | FreeSync Premium | HDR Ready | HDMI | Displayport | Tilt | Black","$189.99","$60.00 (24%)","24","https://www.amazon.ca/dp/B0BRM67RN9?tag=lesdealsduw02-20&linkCode=osi&th=1&psc=1","https://m.media-amazon.com/images/I/41xnEkGB3AL._SL500_.jpg","1"
"gaming pc","Gaming","MSI Codex R2 Gaming Desktop: Intel Core i7-14700F, Geforce RTX 5060Ti 16G, 32GB DDR5, 2TB M.2 NVMe SSD, 650W 80+ Gold PSU, WiFi 7, Windows 11 Home: B14NVN7-440US","$1,899.00","$600.00 (24%)","24","https://www.amazon.ca/dp/B0F4Z1JW9M?tag=lesdealsduw02-20&linkCode=osi&th=1&psc=1","https://m.media-amazon.com/images/I/41l9+U8uqSL._SL500_.jpg","2"
"hockey","Sports & Fitness","Howies Hockey Tacky Wax 1 Pack – Maximizes Grip for Hockey Stick Blade – Durable, Water Resistant Formula – 3oz of Premium Long-Lasting Wax – Made in The USA","$12.50","$3.99 (24%)","24","https://www.amazon.ca/dp/B0DL7PWG1G?tag=lesdealsduw02-20&linkCode=osi&th=1&psc=1","https://m.media-amazon.com/images/I/41HJkSeNHPL._SL500_.jpg","2"
"home gym equipment","Sports & Fitness","PASYOU Adjustable Weight Bench Full Body Workout Multi-Purpose Foldable Incline Decline Exercise Workout Bench for Home Gym","$113.99","$36.00 (24%)","24","https://www.amazon.ca/dp/B07S7NRZL4?tag=lesdealsduw02-20&linkCode=osi&th=1&psc=1","https://m.media-amazon.com/images/I/41xD+W4SqlL._SL500_.jpg","2"
"home security","Home","Alarm System- 1/2 Mile Long Range Wireless Driveway Alarm Outdoor Weather Resistant Motion Sensor&Detector-DIY Security Alert System-Monitor&Protect Outdoor/Indoor Property - 1 Receiver and 2 Sensors","$66.11","$20.88 (24%)","24","https://www.amazon.ca/dp/B08NYH9JL4?tag=lesdealsduw02-20&linkCode=osi&th=1&psc=1","https://m.media-amazon.com/images/I/41xUfjov1PL._SL500_.jpg","2"
"home security","Home","ieGeek Security Cameras Wireless Outdoor - Smart 2K Battery Powered WiFi Camera System for Home Surveillance, Indoor Video Cam with Color Night Vision, 2 Way Audio, Motion Sensor","$38.24","$11.75 (24%)","24","https://www.amazon.ca/dp/B0BZP722XV?tag=lesdealsduw02-20&linkCode=osi&th=1&psc=1","https://m.media-amazon.com/images/I/41jp3j3gDVL._SL500_.jpg","2"
"iphone 15","Smartphones","iPhone 13 Mini, 128GB, Midnight - Unlocked (Renewed)","$405.04","$128.36 (24%)","24","https://www.amazon.ca/dp/B09LKTXKXQ?tag=lesdealsduw02-20&linkCode=osi&th=1&psc=1","https://m.media-amazon.com/images/I/31gVyk4m5IL._SL500_.jpg","2"
"lego blocks","Toys & Games","Bestoyz 1000 Pieces Building Blocks, Bulk Classic Building Bricks Toy, Big Box of Basic Bricks, Compatible with Major Brands, Educational Construction Toys & Gifts for Kids 6+","$37.99","$12.00 (24%)","24","https://www.amazon.ca/dp/B07BD26WGV?tag=lesdealsduw02-20&linkCode=osi&th=1&psc=1","https://m.media-amazon.com/images/I/51uWRYUzGDL._SL500_.jpg","1"
"mattress queen","Home","Zinus Queen Mattress - 8 Inch Foam and Spring Hybrid Mattress, Affordable Mattress, CertiPUR-US Certified Foam with Pressure Relief, Mattress in a Box, 10-Year Warranty, Queen Size","$215.00","$68.20 (24%)","24","https://www.amazon.ca/dp/B0CKYTMM4Y?tag=lesdealsduw02-20&linkCode=osi&th=1&psc=1","https://m.media-amazon.com/images/I/41aNZDsUu+L._SL500_.jpg","2"
"monitor","Computers & Laptops","SANSUI Monitor 27 inch 120Hz IPS 1080PComputer Monitor HDMI DP Ports 110% sRGB HDR Tilt Adjustable/VESA Compatible, for Game and Office (HDMI Cable Included)","$132.99","$43.01 (24%)","24","https://www.amazon.ca/dp/B0CG9HF9KW?tag=lesdealsduw02-20&linkCode=osi&th=1&psc=1","https://m.media-amazon.com/images/I/5187Pk1pogL._SL500_.jpg","1"
"mother's day","Events","Wooden Music Box for mom Gifts You are My Sunshine Music Box, Laser Engraved Hand Crank Wooden Sunshine Music Box Gift for Mom Birthday/Mother's Day/Christmas(to mom)","$10.60","$3.39 (24%)","24","https://www.amazon.ca/dp/B09PRG1DMF?tag=lesdealsduw02-20&linkCode=osi&th=1&psc=1","https://m.media-amazon.com/images/I/51lQ9tWdgKL._SL500_.jpg","1"
"mouse","Computers & Laptops","TECKNET Wireless Mouse, 2.4G Quiet Computer Mouse with USB Receiver, 4 Buttons Portable Cordless Mice for Chromebook, Laptop, PC, Mac, 800/1200/1600 DPI","$12.99","$4.00 (24%)","24","https://www.amazon.ca/dp/B0BJ6NBYJG?tag=lesdealsduw02-20&linkCode=osi&th=1&psc=1","https://m.media-amazon.com/images/I/319eaPtIJ4L._SL500_.jpg","1"
"pencils","School & Stationery","STAEDTLER Yellow School Pencils (144-Pack), Pre-Sharpened #2 HB with Erasers, Ready-to-Use School Supplies for Students and Teachers","$18.98","$5.99 (24%)","24","https://www.amazon.ca/dp/B00XWK29I6?tag=lesdealsduw02-20&linkCode=osi&th=1&psc=1","https://m.media-amazon.com/images/I/41H0n1xU3uL._SL500_.jpg","1"
"piano","Music","Roland F107 Digital Streamlined and Affordable Home Piano with Attractive Modern Design | Perfect for Beginners | Class-Leading Sound and Playability | Onboard Bluetooth & More, Black","$1,299.99","$400.00 (24%)","24","https://www.amazon.ca/dp/B0B6D4YRBK?tag=lesdealsduw02-20&linkCode=osi&th=1&psc=1","https://m.media-amazon.com/images/I/31ot8yA4RhL._SL500_.jpg","2"
"running shoes men","Shoes","adidas Men's Duramo SL 2 Running, Core Black/White/Grey Five, 13","$43.40","$13.60 (24%)","24","https://www.amazon.ca/dp/B0D2JHSTRN?tag=lesdealsduw02-20&linkCode=osi&th=1&psc=1","https://m.media-amazon.com/images/I/31ydt2ycu5L._SL500_.jpg","1"
"ssd drive","Computers & Laptops","Netac 1TB Portable SSD USB 3.2 Gen 2 (10 Gbps, Type-C) External Solid State Drive Backup Slim Portable Drive for File Storage/Business Travel Essential, Rapid Read & Write Low Noise, Zslim","$106.46","$34.53 (24%)","24","https://www.amazon.ca/dp/B088BTHTTX?tag=lesdealsduw02-20&linkCode=osi&th=1&psc=1","https://m.media-amazon.com/images/I/31daj+oGjzL._SL500_.jpg","2"
"st patrick","Events","St. Patrick's Day Costume Party Suit - Green Attire Shamrock Accessories for Women, Gloves, Tulle Tutu, Necklaces","$12.96","$4.03 (24%)","24","https://www.amazon.ca/dp/B0CS3KHGCW?tag=lesdealsduw02-20&linkCode=osi&th=1&psc=1","https://m.media-amazon.com/images/I/41+24jJFQcL._SL500_.jpg","2"
"student tablet","Computers & Laptops","Amazon Fire HD 10 tablet (newest model), built for relaxation, 10.1"" vibrant Full HD screen, octa-core processor, 3 GB RAM, 32 GB, Black","$144.99","$45.00 (24%)","24","https://www.amazon.ca/dp/B0BL66884Q?tag=lesdealsduw02-20&linkCode=osi&th=1&psc=1","https://m.media-amazon.com/images/I/41vTSMa6mNL._SL500_.jpg","1"
"sunscreen","Beauty & Health","Garnier Ombrelle Sport Endurance Sunscreen Lotion, SPF 60, Body Sunscreen, Broad Spectrum UVA & UVB Sun Protection, Suitable for Sensitive Skin, Water and Sweat Resistant, Non-Greasy, 231ml","$15.47 ($6.70 / 100 ml)","$5.00 (24%)","24","https://www.amazon.ca/dp/B078XYBXY1?tag=lesdealsduw02-20&linkCode=osi&th=1&psc=1","https://m.media-amazon.com/images/I/31mzc7yGraL._SL500_.jpg","2"
"swimming","Sports & Fitness","Speedo Unisex Adult Swim Cap Silicone Long Hair, Speedo Black, One Size","$12.99","$4.01 (24%)","24","https://www.amazon.ca/dp/B000F6E2JE?tag=lesdealsduw02-20&linkCode=osi&th=1&psc=1","https://m.media-amazon.com/images/I/31AdRrdtjzL._SL500_.jpg","1"
"usb cable","Power & Chargers","Cable Matters Long USB 3.0 Cable 10ft, USB to USB Cable/USB A to USB A Cable/Male to Male USB Cord/Double USB Cord in Black","$12.99","$4.00 (24%)","24","https://www.amazon.ca/dp/B00HSS9KJY?tag=lesdealsduw02-20&linkCode=osi&th=1&psc=1","https://m.media-amazon.com/images/I/41TewsWfudL._SL500_.jpg","2"
"valentine","Events","Homsolver Gifts for Men Him, Anniversary Romantic Gifts for Boyfriend Husband, Birthday Thanksgiving Christmas Valentines Day Presents for Boyfriend Best Friends Men, Scented Candles for Him","$21.99","$7.00 (24%)","24","https://www.amazon.ca/dp/B0B5R5TCXG?tag=lesdealsduw02-20&linkCode=osi&th=1&psc=1","https://m.media-amazon.com/images/I/41iHg1w1eIL._SL500_.jpg","1"
"wallet","Fashion & Accessories","RUNBOX Slim Wallet for Men 15 Slots Ultra Large Capacity RFID Blocking Bifold Credit Card Holder with 2 ID Window","$19.67","$6.32 (24%)","24","https://www.amazon.ca/dp/B0B7N8SG45?tag=lesdealsduw02-20&linkCode=osi&th=1&psc=1","https://m.media-amazon.com/images/I/512tffZyZrL._SL500_.jpg","1"
"wifi","Networking & Connectivity","TP-Link WiFi 6 AX3000 PCIe WiFi Card for PC with Heat Sink (Archer TX50E) - Bluetooth 5.2, 802.11AX Dual Band Wireless Adapter with MU-MIMO, Ultra-Low Latency, Supports Windows 11, 10 (64bit) Only","$37.99","$12.00 (24%)","24","https://www.amazon.ca/dp/B089FCX3C3?tag=lesdealsduw02-20&linkCode=osi&th=1&psc=1","https://m.media-amazon.com/images/I/31a4P77d-JL._SL500_.jpg","2"
"workout clothes","Sports & Fitness","Skims Dupe Tshirt Basic Baby Tees Short Sleeve Top Crop T Shirts Y2k Clothes Workout Tops Shirt Going Out Tops for Women","$18.23","$5.76 (24%)","24","https://www.amazon.ca/dp/B0DG558R88?tag=lesdealsduw02-20&linkCode=osi&th=1&psc=1","https://m.media-amazon.com/images/I/3143duwWERL._SL500_.jpg","2"
"4k tv","TV & Video","Amazon Fire TV 50"" Omni QLED Series 4K UHD smart TV, Dolby Vision IQ, Local Dimming, Fire TV Ambient Experience, hands-free with Alexa","$529.99","$160.00 (23%)","23","https://www.amazon.ca/dp/B09N6P863G?tag=lesdealsduw02-20&linkCode=osi&th=1&psc=1","https://m.media-amazon.com/images/I/41Xcqn2jKCL._SL500_.jpg","2"
"adjustable dumbbells","Sports & Fitness","Keppi Adjustable Dumbbells Set-25lb Pair Dumbbells with Anti-Slip Metal Handle for Exercise & Fitness Fast Adjust Weight for Full Body Workout Fitness","$229.99","$70.00 (23%)","23","https://www.amazon.ca/dp/B0986PYJV7?tag=lesdealsduw02-20&linkCode=osi&th=1&psc=1","https://m.media-amazon.com/images/I/41Mj2aiNb+L._SL500_.jpg","1"
"amazon basics","General","Amazon Basics CR2032 Lithium Batteries, 4-Pack, Child-Proof Package, Non-Coated - AirTag Compatible","$5.99","$1.74 (23%)","23","https://www.amazon.ca/dp/B0787K2XWZ?tag=lesdealsduw02-20&linkCode=osi&th=1&psc=1","https://m.media-amazon.com/images/I/31tcTYhB6fL._SL500_.jpg","1"
"backpack for school","School & Stationery","Cafele Backpack,Waterproof Large 17in Laptop Backpack for Trip School Work Bookbag Computer Rucksack with USB Charging Port,Water Resistant Sturdy Backpack for Men Women,Grey","$30.89","$9.07 (23%)","23","https://www.amazon.ca/dp/B07M6KKQ19?tag=lesdealsduw02-20&linkCode=osi&th=1&psc=1","https://m.media-amazon.com/images/I/41E+5RgA-fL._SL500_.jpg","2"
"baby shoes","Baby","LIZISHU Toddler Shoes Baby Boys Girls Knitting Sneakers Breathable Soft Rubber Sole Infant Non-Slip Slip Baby Walking Shoes(X54-15-Blue,9-12months)","$16.83","$5.16 (23%)","23","https://www.amazon.ca/dp/B0DT6PXCC6?tag=lesdealsduw02-20&linkCode=osi&th=1&psc=1","https://m.media-amazon.com/images/I/419AVCE+K7L._SL500_.jpg","2"
"blender","Kitchen","Ninja BL660C Professional Countertop Blender With 1100-Watt Base,72Oz Total Crushing Pitcher and(2)16 Oz Cups For Frozen Drinksand Smoothies,Silver/Gray,1100W,(Canadian Version)Silver/Grey,7.8 Pounds","$99.99","$29.99 (23%)","23","https://www.amazon.ca/dp/B0741VXTPW?tag=lesdealsduw02-20&linkCode=osi&th=1&psc=1","https://m.media-amazon.com/images/I/51AIByof81L._SL500_.jpg","1"
"board games","Toys & Games","Guess Who? Board Game Original Guessing Game, Easy to Load Frame, Double-Sided Character Sheet, 2 Player Board Games for Kids, Guessing Games for Families, Ages 6 and Up (English & French)","$17.97","$5.52 (23%)","23","https://www.amazon.ca/dp/B09WX9KT3S?tag=lesdealsduw02-20&linkCode=osi&th=1&psc=1","https://m.media-amazon.com/images/I/51FMq1wlNEL._SL500_.jpg","2"
"books","Books","Funny Story","$20.00","$5.99 (23%)","23","https://www.amazon.ca/dp/0593441214?tag=lesdealsduw02-20&linkCode=osi&th=1&psc=1","https://m.media-amazon.com/images/I/4175Odi40lL._SL500_.jpg","2"
"boxing","Sports & Fitness","Mesetast Punching Bag for Adults, 4ft Heavy Boxing Bag Set with 12 OZ Gloves for MMA Karate Kickboxing Boxing - Unfilled","$69.29","$20.70 (23%)","23","https://www.amazon.ca/dp/B0DCVPGT3K?tag=lesdealsduw02-20&linkCode=osi&th=1&psc=1","https://m.media-amazon.com/images/I/51WjXdYFk+L._SL500_.jpg","1"
"camera","Cameras & Photography","TP-Link Tapo Smart Pan/Tilt Indoor Security Camera, 360° Motion Tracking, 1080p Full HD WiFi Camera for Pet/Baby, Night Vision, 2-Way Audio, 128 GB Local Storage, Works w/Alexa & Google (Tapo C200)","$26.98","$8.01 (23%)","23","https://www.amazon.ca/dp/B0829KDY9X?tag=lesdealsduw02-20&linkCode=osi&th=1&psc=1","https://m.media-amazon.com/images/I/31qS6gk+K5L._SL500_.jpg","1"
"car accessories","Automotive","for Magsafe Car Mount【20 Strong Magnets 】Magnetic Phone Holder for Car Phone Holder Mount Dash【360°】Cell Phone Mount for Car Accessories,Car Mount for iPhone 16 Pro Max 15 14 13 12 Plus MagSafe Cases","$16.99","$5.00 (23%)","23","https://www.amazon.ca/dp/B0C1Y8Z6VT?tag=lesdealsduw02-20&linkCode=osi&th=1&psc=1","https://m.media-amazon.com/images/I/51Kgox2jM1L._SL500_.jpg","1"
"car accessories","Automotive","FIXSMITH Microfiber Cleaning Cloth - Pack of 8, Size: 12 x 16 in, Multi-Functional Cleaning Towels, Highly Absorbent Cleaning Rags, Lint-Free, Streak-Free Cleaning Cloths for Car Kitchen Home Office.","$9.99","$3.00 (23%)","23","https://www.amazon.ca/dp/B083DN8KNB?tag=lesdealsduw02-20&linkCode=osi&th=1&psc=1","https://m.media-amazon.com/images/I/51TUmsinX4L._SL500_.jpg","2"
"car cleaner","Home","Meguiar's Gold Class Car Wash Shampoo & Conditioner, 1.89L - G7164C","$13.48","$3.92 (23%)","23","https://www.amazon.ca/dp/B07SBBJT6T?tag=lesdealsduw02-20&linkCode=osi&th=1&psc=1","https://m.media-amazon.com/images/I/41oRGKPzuoL._SL500_.jpg","2"
"car seat cover","Automotive","BDK PolyPro Car Seat Covers Full Set in Charcoal on Black – Front and Rear Split Bench for Cars, Easy to Install Cover Set, Accessories Auto Trucks Van SUV","$55.84","$16.68 (23%)","23","https://www.amazon.ca/dp/B01FKQVZOS?tag=lesdealsduw02-20&linkCode=osi&th=1&psc=1","https://m.media-amazon.com/images/I/31+RZFC-sXL._SL500_.jpg","2"
"carnival","Events","Abaodam Carnival Decorations Clown Decor 36 PCS Carnival Photo Booth Props Theme Party Decorations for Wedding Birthday Bachelorette Photo Ornament Wedding Decoration","$17.43","$5.16 (23%)","23","https://www.amazon.ca/dp/B0BS164ZC5?tag=lesdealsduw02-20&linkCode=osi&th=1&psc=1","https://m.media-amazon.com/images/I/61nJ3bzpgXL._SL500_.jpg","1"
"ethernet cable","Networking & Connectivity","Cat 8 Ethernet Cable 10FT (3 Meters), 40Gbps 2000Mhz High Speed Cat8 Flat Network LAN Patch Cord, Braided SFTP Heavy Duty RJ45 Internet Cable Shielded in Wall, Indoor&Outdoor for Modem/Router/PC 10FT","$9.99","$3.00 (23%)","23","https://www.amazon.ca/dp/B0899YVJWT?tag=lesdealsduw02-20&linkCode=osi&th=1&psc=1","https://m.media-amazon.com/images/I/41qfqAv+hEL._SL500_.jpg","1"
"fitness tracker","Wearables","Smart Bracelet, Wearable Activity & Fitness Tracker Band, 24H Sleep Tracker, All-Day Continuous Heart Rate Pressure Stress HRV Monitor, 170+ Sport Modes Smart Wristband with 2 Bands, Free APP","$99.99","$30.00 (23%)","23","https://www.amazon.ca/dp/B0F2SZB85W?tag=lesdealsduw02-20&linkCode=osi&th=1&psc=1","https://m.media-amazon.com/images/I/513kgTIiZPL._SL500_.jpg","1"
"floor cleaner","Home","Swiffer PowerMop Floor Cleaning Solution with Unstopables Fresh Scent, 1.5 L Total (2 Count of 750 mL Each)","$9.99 ($0.67 / 100 ml)","$3.00 (23%)","23","https://www.amazon.ca/dp/B0DBS4C16B?tag=lesdealsduw02-20&linkCode=osi&th=1&psc=1","https://m.media-amazon.com/images/I/51Z3Qq4PAfL._SL500_.jpg","2"
"gaming keyboard","Gaming","Portable 60% Mechanical Gaming Keyboard,60 Percent Wired Gamer Keyboard with Blue Switches,LED Customization Backlit,61 Keys Ultra-Compact Mini Office Keyboard for PC/Mac/Xbox,Easy to Carry On Trip","$30.99","$9.00 (23%)","23","https://www.amazon.ca/dp/B09P4Q7K9X?tag=lesdealsduw02-20&linkCode=osi&th=1&psc=1","https://m.media-amazon.com/images/I/41x8v9cWJoL._SL500_.jpg","1"
"gaming monitor","Gaming","Samsung 32 Inch Odyssey G5 QHD Black Gaming Monitor with 180 Hz Refresh Rate, 1 ms, G Sync, VESA DisplayHDR400, Ergonomic Stand - (LS32DG500ENXZA) [Canada Version] (2024)","$268.00","$81.99 (23%)","23","https://www.amazon.ca/dp/B0CW7HJHP8?tag=lesdealsduw02-20&linkCode=osi&th=1&psc=1","https://m.media-amazon.com/images/I/41XzJTSrzUL._SL500_.jpg","2"
"home essentials","Home","HUNTER.DUAL Knife Set, Dishwasher Safe Kitchen Knife Set with Block, 15 Pcs Black Kitchen Knife Sets with Block Self Sharpening, 6 Steak Knives, Black","$99.99","$30.00 (23%)","23","https://www.amazon.ca/dp/B09Z65MVY5?tag=lesdealsduw02-20&linkCode=osi&th=1&psc=1","https://m.media-amazon.com/images/I/41Xi+6xXfVL._SL500_.jpg","2"
"home essentials","Home","Self Adhesive Hooks for Hanging, Waterproof Towel Hook for Bathroom, Black Wall Hanger for Shower, Coat, Door, Robe, Sticky and Heavy Duty, 6-Pack","$19.99 ($3.33 / count)","$6.01 (23%)","23","https://www.amazon.ca/dp/B0BMXC5ZG1?tag=lesdealsduw02-20&linkCode=osi&th=1&psc=1","https://m.media-amazon.com/images/I/41DeNtmpXtL._SL500_.jpg","2"
"home gym equipment","Sports & Fitness","HPYGN Resistance Bands, Exercise Bands with Handles, Door Anchor, Legs Ankle Straps, Fitness Tubes Resistance Set for Home Workout, Muscle Training, Yoga, Physical Therapy, Home Gym Equipment","$26.97","$8.00 (23%)","23","https://www.amazon.ca/dp/B08J8DZD5S?tag=lesdealsduw02-20&linkCode=osi&th=1&psc=1","https://m.media-amazon.com/images/I/51wWQ0bz5EL._SL500_.jpg","2"
"keurig coffee maker","Kitchen","Keurig K-Café Single Serve K-Cup Pod Coffee, Latte and Cappuccino Maker, with Milk Frother for Speciality Beverages, Charcoal Grey","$191.99","$58.00 (23%)","23","https://www.amazon.ca/dp/B07RR5H83N?tag=lesdealsduw02-20&linkCode=osi&th=1&psc=1","https://m.media-amazon.com/images/I/41vQzTx9iGL._SL500_.jpg","1"
"led lamp","Home","Govee RGBIC Smart Corner Floor Lamp, Standing Lamp Alexa APP Control, Smart Floor Lamp with Reactive Music Mode, 61+ Dynamic Scene, Color Changing, Modern Floor Lamp for Living Room, Bedroom, Kitchen","$84.99","$25.00 (23%)","23","https://www.amazon.ca/dp/B099WTN2TR?tag=lesdealsduw02-20&linkCode=osi&th=1&psc=1","https://m.media-amazon.com/images/I/411MxaMirLL._SL500_.jpg","1"
"laptop accessories","Computers & Laptops","BENFEI USB C HUB 7in1, USB C HUB Multiport Adapter with USB-C to HDMI, USB-C to SD/TF Card Reader/3*USB 3.0/100W Power Delivery, Compatible with iPhone 15 Pro/Max, MacBook, iPad Pro, iMac, S23, XPS17","$22.99","$7.00 (23%)","23","https://www.amazon.ca/dp/B08F7NWJY5?tag=lesdealsduw02-20&linkCode=osi&th=1&psc=1","https://m.media-amazon.com/images/I/41MQdGdnDqL._SL500_.jpg","1"
"macaroni","Food","ANNIE'S - VALUE PACK SIZE - MACARONI AND CHEESE Shells and White Cheddar, Pack of 10, 1.7 Kilogram Box, No Artificial Flavours or Synthetic Colours, Contains Real Cheese and Milk Ingredients","$17.70 ($1.04 / 100 g)","$5.29 (23%)","23","https://www.amazon.ca/dp/B098KF42SB?tag=lesdealsduw02-20&linkCode=osi&th=1&psc=1","https://m.media-amazon.com/images/I/61cxpqqr6OL._SL500_.jpg","2"
"memory foam pillow","Home","Cooling Memory Foam Pillows Queen Size 2 Pack, Adjustable Shredded Foams, Soft Firm Bed Pillow for Sleeping with Hypoallergenic Zipper Pillow Cover for Side, Back Sleepers, 20x30In","$49.99","$15.00 (23%)","23","https://www.amazon.ca/dp/B0DLWGSKJN?tag=lesdealsduw02-20&linkCode=osi&th=1&psc=1","https://m.media-amazon.com/images/I/41RIspyrYyL._SL500_.jpg","2"
"mesh wifi","Networking & Connectivity","Tenda AX1500 Mesh WiFi 6 System Nova MX3 - Covers up to 3500 sq.ft - Whole Home WiFi 6 Mesh System - Gigabit Mesh Router for 80 Devices - Dual-Band Mesh Network - Replaces Wireless Router - 3-Pack","$99.99","$30.00 (23%)","23","https://www.amazon.ca/dp/B0BG72S2RM?tag=lesdealsduw02-20&linkCode=osi&th=1&psc=1","https://m.media-amazon.com/images/I/21Eq90+z74L._SL500_.jpg","2"
"monitor arm","Computers & Laptops","VIVO Dual Monitor Desk Mount, Holds 2 Computer Screens up to 30 inches and 22lbs Each, Heavy Duty Fully Adjustable Steel Stand with C-Clamp and Grommet, Black, STAND-V002","$42.99","$13.00 (23%)","23","https://www.amazon.ca/dp/B009S750LA?tag=lesdealsduw02-20&linkCode=osi&th=1&psc=1","https://m.media-amazon.com/images/I/31svj0mJlyL._SL500_.jpg","1"
"monitor arm","Computers & Laptops","HUANUO Dual Monitor Stand - Height-Adjustable Dual Arm Monitor Mount Desk Stand, Fits Two 17 to 32 Inch Screens with Clamp and Grommet Mounting Base, Each Arm Holds up to 20lbs","$84.99","$25.00 (23%)","23","https://www.amazon.ca/dp/B0855ZBPXD?tag=lesdealsduw02-20&linkCode=osi&th=1&psc=1","https://m.media-amazon.com/images/I/41sT3TpcHAL._SL500_.jpg","1"
"monitor stand","Computers & Laptops","BONTEC Wood Monitor Stand Riser, Desk Monitor Stand with Smartphone Holder, Ergonomic Laptop Stand with Cable Management for Computer, Notebook, PC, 2 Tiers Black (W420 x D235 x H142mm)","$22.99","$7.00 (23%)","23","https://www.amazon.ca/dp/B0C4T34L9Y?tag=lesdealsduw02-20&linkCode=osi&th=1&psc=1","https://m.media-amazon.com/images/I/41jZ9ufz7jL._SL500_.jpg","1"
"music accessories","Music","Colorful Removable Piano Keyboard Note Labels, Silicone Piano Notes Stickers Guide for Beginner, Reusable 88 Key Full Size Piano Key Music Notes Letter Label","$6.88","$2.11 (23%)","23","https://www.amazon.ca/dp/B0BXKSCBW2?tag=lesdealsduw02-20&linkCode=osi&th=1&psc=1","https://m.media-amazon.com/images/I/51Gxb1dx0dL._SL500_.jpg","1"
"office chair","Home","Office Chair, SPRDENG Ergonomic Office Chair with Two-Way Adjustable Lumbar Support & Headrest, High Back S-Shaped Computer Chair with Flip-up Padded Armrests, Swivel Task Chair for Home Office","$199.99","$60.00 (23%)","23","https://www.amazon.ca/dp/B0F5N6VV8L?tag=lesdealsduw02-20&linkCode=osi&th=1&psc=1","https://m.media-amazon.com/images/I/519uUMicbXL._SL500_.jpg","2"
"paddleboards","Outdoor","ZLX Inflatable Stand Up Paddle Board 10'6"" with Premium SUP Paddle Board Accessories, Wide Stable Non-Slip Deck for Youth Adults All Skill Levels Adjustable Paddle Gift Ideas","$229.98","$70.01 (23%)","23","https://www.amazon.ca/dp/B0CX4HLZ2Q?tag=lesdealsduw02-20&linkCode=osi&th=1&psc=1","https://m.media-amazon.com/images/I/517UyxrkP3L._SL500_.jpg","2"
"projector","Cameras & Photography","HAPPRUN Native 1080P Bluetooth Projector, Full HD Portable Outdoor Movie Projector with Built-in Speaker, Compatible with Smartphone, HDMI, USB, AV, Fire Stick, PS5 for Home, Bedroom, Outdoor Use","$109.99","$33.00 (23%)","23","https://www.amazon.ca/dp/B0B28G5Y4R?tag=lesdealsduw02-20&linkCode=osi&th=1&psc=1","https://m.media-amazon.com/images/I/51GC9+X+r3L._SL500_.jpg","1"
"running shoes men","Shoes","adidas Men's Ultraboost 1.0, White/White/White, 10.5","$123.42","$36.38 (23%)","23","https://www.amazon.ca/dp/B09VCNN65T?tag=lesdealsduw02-20&linkCode=osi&th=1&psc=1","https://m.media-amazon.com/images/I/31sZnj4G25L._SL500_.jpg","2"
"screen protector","Computers & Laptops","[ 3+3 Pack] LK 3Pack iPhone 13 Screen Protector 6.1-inch with 3Pack Camera Lens Protector, Anti-Scratch Easy-Installation,9H Hardness, HD Tempered Glass Film","$10.39","$3.10 (23%)","23","https://www.amazon.ca/dp/B09CGRSL44?tag=lesdealsduw02-20&linkCode=osi&th=1&psc=1","https://m.media-amazon.com/images/I/51WH-9MM83L._SL500_.jpg","2"
"smart speaker","Smart Home","Amazon Echo (newest model), Alexa speaker with premium sound, Ideal for large bedrooms, living rooms and kitchens, Charcoal","$99.99","$30.00 (23%)","23","https://www.amazon.ca/dp/B07XKF5RM3?tag=lesdealsduw02-20&linkCode=osi&th=1&psc=1","https://m.media-amazon.com/images/I/41jQA+GKpQL._SL500_.jpg","1"
"toilet paper","Home","Cascades Standard Bath Tissue, 2 PLY - 420 Sheets - Box of 48 Rolls","$46.00 ($10.95 / 100 Sheets)","$13.99 (23%)","23","https://www.amazon.ca/dp/B071GP9TZZ?tag=lesdealsduw02-20&linkCode=osi&th=1&psc=1","https://m.media-amazon.com/images/I/41VQP5UCz9L._SL500_.jpg","2"
"womens shirts","Womens clothing","AirMood Womens Dressy Casual Basic T-Shirt Tops Summer Loose Fit Crew Neck Cap Sleeve Tee Tshirts (Black,Large)","$19.88","$6.00 (23%)","23","https://www.amazon.ca/dp/B0D63DRHTD?tag=lesdealsduw02-20&linkCode=osi&th=1&psc=1","https://m.media-amazon.com/images/I/41G50VpdNdL._SL500_.jpg","1"
"4k smart tv","TV & Video","LG 43-Inch NANO80 4K Smart TV - α7 AI Processor 4K Gen 8, Alexa Built-in, HDR10, HGIG, ALLM, WebOS 25, Magic Remote (43NANO80AUA, 2025)","$427.99","$122.00 (22%)","22","https://www.amazon.ca/dp/B0F8F18XWP?tag=lesdealsduw02-20&linkCode=osi&th=1&psc=1","https://m.media-amazon.com/images/I/41OAAYDcK4L._SL500_.jpg","2"
"air purifier","Home","LEVOIT Air Purifiers Large Room bedroom Home Up to 1875 ft² with Washable Filters, Smart WiFi Air Quality Monitor, HEPA Sleep Mode and Auto Mode, Removes Allergies, Pet Hairs, Smoke, Dust, Vital 200S","$209.98","$60.01 (22%)","22","https://www.amazon.ca/dp/B0BGPF71Q6?tag=lesdealsduw02-20&linkCode=osi&th=1&psc=1","https://m.media-amazon.com/images/I/510mgrRPPIL._SL500_.jpg","1"
"baby bib","Baby","Susurration Muslin Baby Drool Bibs 6Pack Soft Square Adjustable Baby Bandana Bibs for Unisex Girls & Boys (Pink)","$13.99","$4.00 (22%)","22","https://www.amazon.ca/dp/B0CSS6Z8NY?tag=lesdealsduw02-20&linkCode=osi&th=1&psc=1","https://m.media-amazon.com/images/I/51EFWnxuPGL._SL500_.jpg","2"
"bicycle","Sports & Fitness","HILAND Mountain Bike, 26 Inch Women Men 21 Speeds Hybrid Commuter Bicycle for Adults, Boys Girls Sport Hardtail Trail MTB, Green","$209.99","$60.00 (22%)","22","https://www.amazon.ca/dp/B0CSFPCZN2?tag=lesdealsduw02-20&linkCode=osi&th=1&psc=1","https://m.media-amazon.com/images/I/510U1DdsqVL._SL500_.jpg","2"
"black friday deals","Events","Utopia Bedding Queen Bed Sheet Set - 4 Piece Bedding - Soft Brushed Microfiber Fabric - Shrinkage & Fade Resistant - Easy Care (Black)","$23.49","$6.50 (22%)","22","https://www.amazon.ca/dp/B00J602E90?tag=lesdealsduw02-20&linkCode=osi&th=1&psc=1","https://m.media-amazon.com/images/I/31baoOE18KL._SL500_.jpg","1"
"boxing","Sports & Fitness","OurStarry 2024 New Model Smart Music Boxing Machine for Adults and Kids, Bluetooth Boxing Training Machine with LED Electronic Wall Mounted, Home Indoor Boxing Workout Equipment with Boxing Glove","$69.98","$20.00 (22%)","22","https://www.amazon.ca/dp/B0CQMGKW44?tag=lesdealsduw02-20&linkCode=osi&th=1&psc=1","https://m.media-amazon.com/images/I/41GMnNebwlL._SL500_.jpg","1"
"breakfast cereal","Food","Quaker Life Cinnamon Whole Grain Cereal, 455g","$3.50 ($7.69 / kg)","$1.00 (22%)","22","https://www.amazon.ca/dp/B08ZNW5MTS?tag=lesdealsduw02-20&linkCode=osi&th=1&psc=1","https://m.media-amazon.com/images/I/51g79muHt1L._SL500_.jpg","1"
"car gadgets","Automotive","LISEN for Magsafe Car Mount, Ultra Magnetic Dashboard Phone Holder, Car Accessories for iPhone 16 Pro Max,Gifts for Men Women Him Her, Fit for iPhone16 Pro/Pro Max 15 14 13 12","$22.99","$6.67 (22%)","22","https://www.amazon.ca/dp/B0CGHNQ53C?tag=lesdealsduw02-20&linkCode=osi&th=1&psc=1","https://m.media-amazon.com/images/I/41iCvjQb6KL._SL500_.jpg","1"
"children toys","Toys & Games","80 Pack Fidget Toys Set,Pop It Relieves Stress and Anxiety Sensory Fidget Toy for Children Girls Adults, Gift for Birthday Party Favors, Classroom Rewards Prizes, Carnival, Piñata Goodie Bag Fillers","$19.99","$5.66 (22%)","22","https://www.amazon.ca/dp/B09YM1JL9R?tag=lesdealsduw02-20&linkCode=osi&th=1&psc=1","https://m.media-amazon.com/images/I/61S6n4cGrRL._SL500_.jpg","2"
"coffee grinder","Kitchen","KitchenAid Blade Coffee Grinder, Onyx Black, BCG111OB","$49.98","$14.00 (22%)","22","https://www.amazon.ca/dp/B003WIZ5PC?tag=lesdealsduw02-20&linkCode=osi&th=1&psc=1","https://m.media-amazon.com/images/I/31DzsyTYxoL._SL500_.jpg","1"
"desk organizer","Home","SimpleHouseware Desk File Organizer for Office Stationery with Sliding Drawer, Double Tray, Pencil Holder, and 5 Upright Sections, Black","$38.97","$11.02 (22%)","22","https://www.amazon.ca/dp/B01N9HQM9F?tag=lesdealsduw02-20&linkCode=osi&th=1&psc=1","https://m.media-amazon.com/images/I/51vIo3NiT9L._SL500_.jpg","2"
"ethernet switch","Networking & Connectivity","TP-Link TL-SG108 | 8 Port Gigabit Unmanaged Ethernet Network Switch, Ethernet Splitter | Plug & Play | Fanless Metal Design | Shielded Ports | Traffic Optimization | Limited Lifetime Protection","$24.99","$7.00 (22%)","22","https://www.amazon.ca/dp/B00A121WN6?tag=lesdealsduw02-20&linkCode=osi&th=1&psc=1","https://m.media-amazon.com/images/I/31nAxIZiYXL._SL500_.jpg","1"
"fan","Home","Pedestal Fan for Bedroom, Pedestal Fan with Remote, 80ft Air Circulator for Whole Room, 4 Speeds, 3 modes, 24H Timer, 36""fan, 70°+80° Oscillating Quiet Standing Fans for Bedroom, Kitchen, Home, White","$69.99","$20.00 (22%)","22","https://www.amazon.ca/dp/B0DSLPZWMC?tag=lesdealsduw02-20&linkCode=osi&th=1&psc=1","https://m.media-amazon.com/images/I/318se25Kp-L._SL500_.jpg","1"
"fitness clothing","Sports & Fitness","QUEENIEKE Workout Leggings for Women High Waisted Tummy Control Yoga Pants for Gym, Running, and Fitness (Jet Black, M)","$26.43","$7.45 (22%)","22","https://www.amazon.ca/dp/B0C44WCHZ7?tag=lesdealsduw02-20&linkCode=osi&th=1&psc=1","https://m.media-amazon.com/images/I/31P0iewksAL._SL500_.jpg","1"
"gaming keyboard","Gaming","Redragon K512 Shiva RGB Backlit Membrane Gaming Keyboard with Multimedia Keys, Quiet Mechanical Feeling Keyboard, 6 Extra On-Board Macro Keys, Dedicated Media Control, Detachable Wrist Rest, Black","$46.73","$13.26 (22%)","22","https://www.amazon.ca/dp/B082KR95Z4?tag=lesdealsduw02-20&linkCode=osi&th=1&psc=1","https://m.media-amazon.com/images/I/41ugsro56nL._SL500_.jpg","1"
"gaming keyboard","Gaming","RK ROYAL KLUDGE RK61 Wired 60% Mechanical Gaming Keyboard Programmable QMK/VIA RGB Backlit 61 Keys Ultra-Compact Hot Swappable Red Switch White","$69.99","$20.00 (22%)","22","https://www.amazon.ca/dp/B089GN2KBT?tag=lesdealsduw02-20&linkCode=osi&th=1&psc=1","https://m.media-amazon.com/images/I/41bborQ0jcL._SL500_.jpg","2"
"gaming laptop","Gaming","MSI Stealth 14 AI Studio A1VFG-041CA 14"" OLED 120Hz Ultra Thin and Light Gaming Laptop, Intel Core Ultra7-155H, RTX 4060, 32GB DDR5, 1TB NVMe SSD, Windows 11 Home","$1,599.00","$454.21 (22%)","22","https://www.amazon.ca/dp/B0CRKRCF63?tag=lesdealsduw02-20&linkCode=osi&th=1&psc=1","https://m.media-amazon.com/images/I/41uVflMcbDL._SL500_.jpg","2"
"headphones","Audio","JBL Tune 500 Wired On-Ear Headphones with One-Button Remote/Mic - Blue","$34.98","$10.00 (22%)","22","https://www.amazon.ca/dp/B07PK11GBX?tag=lesdealsduw02-20&linkCode=osi&th=1&psc=1","https://m.media-amazon.com/images/I/31ZvWI2VoGL._SL500_.jpg","2"
"hdmi cable","Other Tech","HDMI Cable 3.3 Feet, 4k HDMI 2.0 Cable eARC-Snowkids 18Gbps High Speed HDMI Cord (4K 60Hz 3D Support, Ethernet Function, Video 4K UHD 2160p, HD 1080p for Fire-TV, Net-filx, PS-3/4, ect)","$6.99","$2.00 (22%)","22","https://www.amazon.ca/dp/B088CQXC7W?tag=lesdealsduw02-20&linkCode=osi&th=1&psc=1","https://m.media-amazon.com/images/I/414-HjD3EfL._SL500_.jpg","1"
"home essentials","Home","Paper Towel Holder Under Cabinet - Wall Mounted Paper Towel Holder No Drilling, Adhesive Under Cabinet Paper Towel Holder, Black Kitchen Towel Holder, 31 x 8 x 3.5 cm, Aluminum, Black","$6.99","$2.00 (22%)","22","https://www.amazon.ca/dp/B0DK3D62Q7?tag=lesdealsduw02-20&linkCode=osi&th=1&psc=1","https://m.media-amazon.com/images/I/41x70HvyLoL._SL500_.jpg","1"
"jewelry","Fashion & Accessories","Gold Hoop Earrings Set for Women, Dainty Small Hoop Earrings Stud 14K Gold Plated Chunky Open Hoop Earrings CZ Dangle Huggie Cartilage Earrings Lightweight Earrings Multiple Piercings Jewelry","$17.99","$5.00 (22%)","22","https://www.amazon.ca/dp/B0D561FCF5?tag=lesdealsduw02-20&linkCode=osi&th=1&psc=1","https://m.media-amazon.com/images/I/31HCz7I-6zL._SL500_.jpg","1"
"lego","Toys & Games","LEGO Creator 3 in 1 Wild Animals Panda Family - Building Toy Kit for Kids with 3 Building Options, Panda, Penguin, or Orca - 8 Year Old Girl & Boy Birthday Gifts - 31165","$38.93","$11.06 (22%)","22","https://www.amazon.ca/dp/B0DJ1B7BC1?tag=lesdealsduw02-20&linkCode=osi&th=1&psc=1","https://m.media-amazon.com/images/I/513irW2kflL._SL500_.jpg","1"
"led lamp","Home","FULEN Floor Lamp, LED Corner Lamp for Bedroom, Modern Standing Lamp with Smart APP, Floor Light for Living/Gaming Room, RGB Color Changing with Music Sync, Remote Control","$35.99","$10.00 (22%)","22","https://www.amazon.ca/dp/B0DKNXGGK8?tag=lesdealsduw02-20&linkCode=osi&th=1&psc=1","https://m.media-amazon.com/images/I/41GIzEoh5JL._SL500_.jpg","1"
"markers","School & Stationery","ATOPSTAR 80 Colors Alcohol Markers Artist Drawing Art Markers Dual Tip Markers for Adult Coloring Painting Supplies Perfect for Adult Students Gift(80 Black Shell)","$34.99","$10.00 (22%)","22","https://www.amazon.ca/dp/B08BXYLMS9?tag=lesdealsduw02-20&linkCode=osi&th=1&psc=1","https://m.media-amazon.com/images/I/41478LtnPxS._SL500_.jpg","1"
"mobile accessories","Smartphones","ROPOSY Cell Phone Stand Holder Desk Accessories, Cute Metal Rose Gold, Compatible with All Mobile Phones, iPhone, Switch, iPad","$9.37","$2.58 (22%)","22","https://www.amazon.ca/dp/B09BF6PC66?tag=lesdealsduw02-20&linkCode=osi&th=1&psc=1","https://m.media-amazon.com/images/I/41VLft+gNHL._SL500_.jpg","2"
"monitor","Computers & Laptops","LG 24U631A-B 24-Inch QHD (2560x1440) IPS Monitor, 100Hz Refresh Rate, 5ms (GtG) Response Time, sRGB 99%, HDR10, USB-C, HDMI, Tilt Adjustable, Black","$179.99","$50.00 (22%)","22","https://www.amazon.ca/dp/B0DSTQT25T?tag=lesdealsduw02-20&linkCode=osi&th=1&psc=1","https://m.media-amazon.com/images/I/41WQdd5ASFL._SL500_.jpg","2"
"pencils","School & Stationery","BIC Extra Precision 0.5 mm Point, Retractable and Refillable Mechanical Pencil, 24-Count","$7.29","$2.00 (22%)","22","https://www.amazon.ca/dp/B001CDEUBO?tag=lesdealsduw02-20&linkCode=osi&th=1&psc=1","https://m.media-amazon.com/images/I/41H6efu9XOL._SL500_.jpg","2"
"pet supplies","Home","Dog Cat Food Mat Pet Bowl Mat Absorbent No Stains Quick Dry-Innovative Pet Supplies Dog Cat Accessories-Water Dispenser Mat for Messy Drinkers-Light Grey with Paw Pattern 12""x19""","$8.70 ($8.70 / count)","$2.48 (22%)","22","https://www.amazon.ca/dp/B0C4HBDQ7S?tag=lesdealsduw02-20&linkCode=osi&th=1&psc=1","https://m.media-amazon.com/images/I/41yS4aQM8GL._SL500_.jpg","1"
"resistance bands","Sports & Fitness","Resistance Bands for Working Out, Exercise Bands for Women & Men, Latex Elastic Bands for Yoga, Pilates, Rehab, Fitness and Home Workout, Strength Bands for Booty (10-40lb Colorful)","$11.69","$3.30 (22%)","22","https://www.amazon.ca/dp/B09HGVJ8GW?tag=lesdealsduw02-20&linkCode=osi&th=1&psc=1","https://m.media-amazon.com/images/I/51tCXQTJskL._SL500_.jpg","2"
"router","Networking & Connectivity","ASUS RT-AX1800S Dual Band WiFi 6 Extendable Router, Subscription-Free Network Security, Parental Control, Built-in VPN, AiMesh Compatible, Gaming & Streaming, Smart Home","$69.98","$20.01 (22%)","22","https://www.amazon.ca/dp/B09Z66H66G?tag=lesdealsduw02-20&linkCode=osi&th=1&psc=1","https://m.media-amazon.com/images/I/41q+GXwyYBL._SL500_.jpg","1"
"sports drinks","Food","BIOSTEEL Zero Sugar Sports Hydration Mix Variety - Mixed Berry, Rainbow Twist & Blue Raspberry Flavours, 30 Packets","$34.99 ($16.66 / 100 g)","$10.00 (22%)","22","https://www.amazon.ca/dp/B0BSP2F9XG?tag=lesdealsduw02-20&linkCode=osi&th=1&psc=1","https://m.media-amazon.com/images/I/41I9VgkruNL._SL500_.jpg","1"
"toothbrush","Beauty & Health","Oral-B Advanced Whitening Charcoal Toothbrushes, Medium, 2 Count","$8.97 ($4.48 / count)","$2.52 (22%)","22","https://www.amazon.ca/dp/B07KKZP55Z?tag=lesdealsduw02-20&linkCode=osi&th=1&psc=1","https://m.media-amazon.com/images/I/41VgL9odFjL._SL500_.jpg","1"
"tools","Home","Mayouko 18-Piece Drive Tool Accessory Set, Socket Accessory Set, Includes Socket Adapters, Extensions, Universal Joints and Impact Coupler","$39.97","$11.00 (22%)","22","https://www.amazon.ca/dp/B09KBR1ZW8?tag=lesdealsduw02-20&linkCode=osi&th=1&psc=1","https://m.media-amazon.com/images/I/51jOzqs8dRL._SL500_.jpg","2"
"tripod","Cameras & Photography","71'' Phone Tripod Stand, Extendable Reinforced Aluminum Phone Stand with Wireless Remote, Stable Cellphone Tripod Compatible with iPhone 15/14/13 Galaxy S23/S22 Huawei.","$17.99","$5.00 (22%)","22","https://www.amazon.ca/dp/B0C77SZTLT?tag=lesdealsduw02-20&linkCode=osi&th=1&psc=1","https://m.media-amazon.com/images/I/31hL1XQeDSL._SL500_.jpg","2"
"USB car charger","Automotive","Anker 323 USB-C Car Charger Adapter, 52.5W Cigarette Lighter Charger with 30W PowerIQ 3.0 Fast Charging for iPhone 15/15 Pro Max, 14/13/12 Series, Galaxy S23/22, Pixel","$20.99","$6.00 (22%)","22","https://www.amazon.ca/dp/B0BPH6S4DN?tag=lesdealsduw02-20&linkCode=osi&th=1&psc=1","https://m.media-amazon.com/images/I/31NQCkhV2cL._SL500_.jpg","2"
"video projector","Cameras & Photography","Maypug Mini Projector 1080P 4K Full HD Support with WiFi 6 & Bluetooth, Portable Projector with Auto Keystone Correction Low Noise, 40""-130"" Outdoor Movie Projecteur Compatible with Phone/USB/HDMI","$69.99","$20.00 (22%)","22","https://www.amazon.ca/dp/B0FBW15K3S?tag=lesdealsduw02-20&linkCode=osi&th=1&psc=1","https://m.media-amazon.com/images/I/311fy+pN1wL._SL500_.jpg","2"
"women pants","Womens clothing","MoFiz Womens Hiking Pants with Pockets Lightweight Quick Dry Athletic Outdoor Running Sweatpants Cargo Pant for Women Black M","$26.60","$7.39 (22%)","22","https://www.amazon.ca/dp/B09JK2JMDZ?tag=lesdealsduw02-20&linkCode=osi&th=1&psc=1","https://m.media-amazon.com/images/I/31U4LauY4fL._SL500_.jpg","1"
"air pods","Audio","Apple AirPods Pro 2 Wireless Earbuds, Bluetooth Headphones, Active Noise Cancellation, Transparency, Personalized Spatial Audio, High-Fidelity Sound, H2 Chip, USB-C Charging","$259.99","$69.01 (21%)","21","https://www.amazon.ca/dp/B0CHWRXH8B?tag=lesdealsduw02-20&linkCode=osi&th=1&psc=1","https://m.media-amazon.com/images/I/21fBDZCm5QL._SL500_.jpg","1"
"baby shoes","Baby","Miamooi Infant Baby Boys Girls Sneakers Toddler Soft Sole First Walking Shoes Casual Flat Newborn Lightweight Crib Shoe","$15.00","$3.99 (21%)","21","https://www.amazon.ca/dp/B0CQ4KFTFM?tag=lesdealsduw02-20&linkCode=osi&th=1&psc=1","https://m.media-amazon.com/images/I/41hj0yf3lzL._SL500_.jpg","2"
"basketball","Sports & Fitness","WILSON NBA DRV Outdoor Basketball with Pump - Pink, Size 6-28.5""","$24.10","$6.31 (21%)","21","https://www.amazon.ca/dp/B0CD847XMX?tag=lesdealsduw02-20&linkCode=osi&th=1&psc=1","https://m.media-amazon.com/images/I/41PzZGFnUuL._SL500_.jpg","1"
"books","Books","The Mountain Is You: Transforming Self-Sabotage Into Self-Mastery","$18.05","$4.94 (21%)","21","https://www.amazon.ca/dp/1949759229?tag=lesdealsduw02-20&linkCode=osi&th=1&psc=1","https://m.media-amazon.com/images/I/41N62t+ANTL._SL500_.jpg","1"
"boxing","Sports & Fitness","Fitmount Music Boxing Machine for Adults, Wall Mounted Boxing Punching Pad, Musical Boxing Trainer Workout Machine, Boxeo En Casa, Maquina De Boxeo Musical Pared, Smart Electronic Beat Boxing Game","$47.49","$12.50 (21%)","21","https://www.amazon.ca/dp/B0DBYKLLGY?tag=lesdealsduw02-20&linkCode=osi&th=1&psc=1","https://m.media-amazon.com/images/I/41trmn+ZERL._SL500_.jpg","1"
"children toys","Toys & Games","Ayeboovi Dancing Talking Cactus Baby Toy, Mimicking Recording Toy Repeats What You Say, Singing 120 Songs Toddler Toys Gifts for Valentine's Day Easter for Kids Autism Toys for 3 4 5 6+ Year Olds","$27.74","$7.25 (21%)","21","https://www.amazon.ca/dp/B0BFWNVQXK?tag=lesdealsduw02-20&linkCode=osi&th=1&psc=1","https://m.media-amazon.com/images/I/51AQXDVZaxL._SL500_.jpg","2"
"chocolate","Food","Nestlé Assorted Mini Chocolate Bars Pack of 125","$34.00 ($2.64 / 100 g)","$8.95 (21%)","21","https://www.amazon.ca/dp/B09C231K28?tag=lesdealsduw02-20&linkCode=osi&th=1&psc=1","https://m.media-amazon.com/images/I/51tFTBhHo1L._SL500_.jpg","2"
"coffee pods","Kitchen","Kicking Horse Three Sisters, Medium Roast, K-Cup Coffee Pods, 24 Count","$25.99 ($1.08 / count)","$7.00 (21%)","21","https://www.amazon.ca/dp/B0DS2V7FZF?tag=lesdealsduw02-20&linkCode=osi&th=1&psc=1","https://m.media-amazon.com/images/I/41-+DV3BiqL._SL500_.jpg","2"
"deals","General","One Beat Flat Plug Power Bar with USB C, 5FT Ultra-Thin Extension Cord, 3 Outlet with 4 USB Ports (2 USB C) Desktop Charging Station, No Surge Protection for Cruise Ship, Travel Essentials, Dorm Room","$21.99","$6.00 (21%)","21","https://www.amazon.ca/dp/B0BMF7PJ4X?tag=lesdealsduw02-20&linkCode=osi&th=1&psc=1","https://m.media-amazon.com/images/I/318aKVnZqgL._SL500_.jpg","1"
"digital camera","Cameras & Photography","Digital Cameras,64MP Digital Camera with 64GB Storage,16X Zoom,2.8"" Real HD Screen,Anti Shake,Easy to use Pocket Digital Camera Aimed at Kids and Gen Z,Compact System Cameras","$36.98","$10.00 (21%)","21","https://www.amazon.ca/dp/B0DL5JG5QM?tag=lesdealsduw02-20&linkCode=osi&th=1&psc=1","https://m.media-amazon.com/images/I/41jYA6GxpaL._SL500_.jpg","2"
"dji drone","Other Tech","Ameta Drones for Adults with Cameras 4K UHD, S20 Lite Brushless Motor FPV Foldable RC Drone for Adults Kids with 36 Mins Long Flight, Altitude Hold, Circle Fly, Cool Toys Gifts for Men Boys (165g)","$94.99","$25.00 (21%)","21","https://www.amazon.ca/dp/B0DD7HNXMX?tag=lesdealsduw02-20&linkCode=osi&th=1&psc=1","https://m.media-amazon.com/images/I/410oZo0wfVL._SL500_.jpg","2"
"electric piano","Music","FingerBallet Portable Piano Keyboard, Semi-Weighted Folding Digital Piano 88 Key, Full Size, Wood Grain, Electric Piano Keyboard w/MIDI Bluetooth, Suitable for Adult, Toddler, Kids","$189.99","$51.41 (21%)","21","https://www.amazon.ca/dp/B0C4GQ2Y66?tag=lesdealsduw02-20&linkCode=osi&th=1&psc=1","https://m.media-amazon.com/images/I/41gF6L5HLpL._SL500_.jpg","2"
"ethernet cable","Networking & Connectivity","UGREEN Cat 8 Ethernet Cable High Speed 40Gbps 2000Mhz Network Shielded Cat8 Cable Braided Heavy Duty RJ45 LAN Cables Internet Cord Compatible for PS5, PS4, Xbox One, Modem, Router 10FT","$14.99","$4.00 (21%)","21","https://www.amazon.ca/dp/B0875SPZC8?tag=lesdealsduw02-20&linkCode=osi&th=1&psc=1","https://m.media-amazon.com/images/I/41aXoxmII9L._SL500_.jpg","1"
"flute","Music","Radhe Flutes Right Handed C Natural With Velvet Cover Tuned With Tanpura A=440Hz Pvc Fiber Medium Wooden Yellow","$22.50","$6.14 (21%)","21","https://www.amazon.ca/dp/B07T35ZBHB?tag=lesdealsduw02-20&linkCode=osi&th=1&psc=1","https://m.media-amazon.com/images/I/31VY+uMWttL._SL500_.jpg","2"
"gaming","Gaming","ASUS TUF Gaming A15 Gaming Laptop, 15.6” 144Hz FHD Display, AMD Ryzen™ 5 7535HS Processor, GeForce RTX 2050, 8GB DDR5 RAM, 512GB PCIe SSD Gen 4, Wi-Fi 6, Windows 11, FA506NF-AS51-CA","$749.00","$200.00 (21%)","21","https://www.amazon.ca/dp/B0CLNTWZJG?tag=lesdealsduw02-20&linkCode=osi&th=1&psc=1","https://m.media-amazon.com/images/I/31IhjTS6M2L._SL500_.jpg","1"
"kitchen organizer","Kitchen","SONGMICS Cabinet Organizer Shelf, Set of 2 Kitchen Counter Shelves, Kitchen Storage, Spice Rack, Stackable, Expandable, Metal and Engineered Wood, Cloud White and Natural Beige UKCS02NW","$18.99 ($9.50 / count)","$5.00 (21%)","21","https://www.amazon.ca/dp/B07XMBSGKZ?tag=lesdealsduw02-20&linkCode=osi&th=1&psc=1","https://m.media-amazon.com/images/I/41ERJyd9zJL._SL500_.jpg","1"
"mens pants","Mens clothing","Amazon Essentials Men's Straight-fit Stretch Cargo Pant, Black, 34W x 32L","$27.60","$7.30 (21%)","21","https://www.amazon.ca/dp/B07F2JW7T6?tag=lesdealsduw02-20&linkCode=osi&th=1&psc=1","https://m.media-amazon.com/images/I/31X5GyavFFL._SL500_.jpg","2"
"mens shirts","Mens clothing","disi 2 Pcs Men's Polo Shirts Sport Casual Golf Tennis Shirt Quick Dry Short Sleeve Polo Shirt for Men","$29.99","$8.00 (21%)","21","https://www.amazon.ca/dp/B09YNNT2MD?tag=lesdealsduw02-20&linkCode=osi&th=1&psc=1","https://m.media-amazon.com/images/I/31zPxjVj6CL._SL500_.jpg","1"
"mens tank top","Mens clothing","Amazon Essentials Men's Tech Stretch Performance Tank Top Shirt, White, Large","$16.99","$4.61 (21%)","21","https://www.amazon.ca/dp/B07FKVFMYQ?tag=lesdealsduw02-20&linkCode=osi&th=1&psc=1","https://m.media-amazon.com/images/I/31y3KIv+evS._SL500_.jpg","1"
"mobile accessories","Smartphones","INIU Power Bank, USB C in&Out Slimmest 10000mAh Portable Charger, Triple 3A High-Speed Charge External Battery Pack, Flashlight Phone Charger for iPhone 16 15 14 13 12 Samsung S22 S21 Google LG iPad","$25.99","$7.00 (21%)","21","https://www.amazon.ca/dp/B07G34JZG2?tag=lesdealsduw02-20&linkCode=osi&th=1&psc=1","https://m.media-amazon.com/images/I/31APhIFDwUL._SL500_.jpg","2"
"monitor","Computers & Laptops","Acer SH242Y G0bih 23.8"" IPS Full HD (1920 x 1080) Ultra-Thin Gaming Office Monitor | Adaptive-Sync Support (FreeSync Compatible) | Up to 120Hz Refresh | 1ms (VRB) | Adjustable Stand | HDMI & VGA Ports","$109.99","$30.00 (21%)","21","https://www.amazon.ca/dp/B0DFVTVLPH?tag=lesdealsduw02-20&linkCode=osi&th=1&psc=1","https://m.media-amazon.com/images/I/416qExAiObL._SL500_.jpg","2"
"monitor stand","Computers & Laptops","BESIGN MS01 Monitor Stand Riser, Height Adjustable Laptop Stand, Computer Monitor Stand for Monitor, Computer,Laptop,Printer (Black)","$19.79","$5.20 (21%)","21","https://www.amazon.ca/dp/B0DDJCK8GS?tag=lesdealsduw02-20&linkCode=osi&th=1&psc=1","https://m.media-amazon.com/images/I/41IHaDfdE4L._SL500_.jpg","1"
"music accessories","Music","Music Stand for Sheet Foldable with Carrying Bag, New bee Metal Sheet Music Stand Portable, Adjustable Podium Stand with Tripod Base and Sheet Music Folder - Black","$18.99","$5.00 (21%)","21","https://www.amazon.ca/dp/B0CSFRZLGP?tag=lesdealsduw02-20&linkCode=osi&th=1&psc=1","https://m.media-amazon.com/images/I/41loEGUFpXL._SL500_.jpg","1"
"music accessories","Music","GLEAM Sheet Music Stand - Full Metal with Carrying Bag, Phone Holder, Sheet Music Folder and Clip, 5 in 1 Desktop Book Stand","$36.99","$9.91 (21%)","21","https://www.amazon.ca/dp/B07D7QN1Z1?tag=lesdealsduw02-20&linkCode=osi&th=1&psc=1","https://m.media-amazon.com/images/I/41Rxq27IiqL._SL500_.jpg","2"
"party decorations","Events","AOBKIAT Wedding Party Decorations,5 Rolls Olive Green Brown Crepe Paper Streamers for Wedding,Bachelorette,Birthday,Bridal/Baby Shower,Party Backdrop Decorations","$10.48","$2.72 (21%)","21","https://www.amazon.ca/dp/B0B8BZQY15?tag=lesdealsduw02-20&linkCode=osi&th=1&psc=1","https://m.media-amazon.com/images/I/419CQ+LKiqL._SL500_.jpg","2"
"protein snack bars","Food","LÄRABAR Peanut Butter Chocolate Chip, Fruit and Nut Energy Bar, Pack of 16 Bars, Gluten Free, Vegan, Family Pack, Snack Bars","$17.47 ($1.09 / count)","$4.52 (21%)","21","https://www.amazon.ca/dp/B007ZDMXPK?tag=lesdealsduw02-20&linkCode=osi&th=1&psc=1","https://m.media-amazon.com/images/I/51xfsCkhL4L._SL500_.jpg","2"
"soundbar","Audio","Amazon Fire TV Soundbar Plus (newest model) with built-in subwoofer, 3.1 channel, Dolby Atmos and clear dialogues","$259.99","$70.00 (21%)","21","https://www.amazon.ca/dp/B0CXZTT4MT?tag=lesdealsduw02-20&linkCode=osi&th=1&psc=1","https://m.media-amazon.com/images/I/31SsJgmANwL._SL500_.jpg","1"
"tablet accessories","Computers & Laptops","UGREEN Tablet Stand Holder for Desk, Aluminum Desktop Tablet Holder Dock Adjustable Foldable Riser Compatible with iPad Pro 12.9, 9.7, 10.5, iPad Air, iPad mini, Surface Pro, Galaxy Tab, Silver","$31.57","$8.42 (21%)","21","https://www.amazon.ca/dp/B09P87NBYS?tag=lesdealsduw02-20&linkCode=osi&th=1&psc=1","https://m.media-amazon.com/images/I/41WK12ieOqL._SL500_.jpg","2"
"womens tops","Womens clothing","Women Shirts Summer Short Sleeve Soild Casual Trendy Ladies Top Dressy V Neck Loose Fit Shirt 2025 Black Small","$15.84","$4.15 (21%)","21","https://www.amazon.ca/dp/B0DZPGQSX2?tag=lesdealsduw02-20&linkCode=osi&th=1&psc=1","https://m.media-amazon.com/images/I/41lyhBHRspL._SL500_.jpg","2"
"4k smart tv","TV & Video","Hisense 55QD6QF - 55"" 4K Smart QLED Fire TV with Dolby Vision & Atmos, AI 4K Upscaler, AI Smooth Motion, Game Mode Plus (2025 New Model)","$399.99","$100.00 (20%)","20","https://www.amazon.ca/dp/B0DYS29P6M?tag=lesdealsduw02-20&linkCode=osi&th=1&psc=1","https://m.media-amazon.com/images/I/51WLiZ579oL._SL500_.jpg","1"
"4k smart tv","TV & Video","Hisense 32A4KV - 32"" Smart Full Array HD VIDAA TV with DTS TruSurround (Canada Model) 2023","$142.19","$34.79 (20%)","20","https://www.amazon.ca/dp/B0BSXW2HJD?tag=lesdealsduw02-20&linkCode=osi&th=1&psc=1","https://m.media-amazon.com/images/I/41pVauzAFAL._SL500_.jpg","2"
"5g mobile phone","Smartphones","AGM M9 Rugged Feature Phone, 4G Basic Cell Phone, Simple Mobile Phones, IP68 & IP69K Waterproof, Drop-Proof, Large Buttons, Large Fonts, Speed Dial, 3 Card Slots, FM Radio, Flashlight, 1000mAh Battery","$55.99","$14.00 (20%)","20","https://www.amazon.ca/dp/B0F2HYFNVV?tag=lesdealsduw02-20&linkCode=osi&th=1&psc=1","https://m.media-amazon.com/images/I/31McfCYPftL._SL500_.jpg","2"
"air crisp fryer","Kitchen","Ninja Air Fryer, 8 QT DoubleStack 2-Basket, Space Saving Design, Feeds up to 6 People, 6-in1 Air Fryer, Roast, Bake & More, Easy to Clean, Dishwasher Safe Parts, SL201C (Canadian Version)","$199.98","$50.01 (20%)","20","https://www.amazon.ca/dp/B0D9ZFKNPR?tag=lesdealsduw02-20&linkCode=osi&th=1&psc=1","https://m.media-amazon.com/images/I/51oNOzuO5tL._SL500_.jpg","1"
"air crisp fryer","Kitchen","NINJA AF101C, Air Fryer, 3.8L Less Oil Electric Air Frying, Equipped with Crisper Plate + Multi-Layer Rack + Non Stick Basket, Programmable Control Panel, Black, 1550W, (Canadian Version)","$119.99","$30.00 (20%)","20","https://www.amazon.ca/dp/B07JGF236Q?tag=lesdealsduw02-20&linkCode=osi&th=1&psc=1","https://m.media-amazon.com/images/I/41u3rtFghaL._SL500_.jpg","2"
"air purifier","Home","LEVOIT Air Purifiers for Bedroom Large Room, Smart WiFi Alexa Control, AHAM VERIFIDE, 3-in-1 Air Filter for Allergen Pollen Dust Pollutants Smoke, 24dB Quiet with Sleep Mode Timer, Core 200S","$119.97","$30.02 (20%)","20","https://www.amazon.ca/dp/B088GYSHDQ?tag=lesdealsduw02-20&linkCode=osi&th=1&psc=1","https://m.media-amazon.com/images/I/41JIcvTm7qL._SL500_.jpg","1"
"apple","Smartphones","Apple 20W USB-C Power Adapter","$19.98","$5.00 (20%)","20","https://www.amazon.ca/dp/B0DJFW7PNM?tag=lesdealsduw02-20&linkCode=osi&th=1&psc=1","https://m.media-amazon.com/images/I/11kr0eyuHkL._SL500_.jpg","1"
"apple earbuds","Audio","Beats Fit Pro - True Wireless Noise Cancelling Earbuds - Active Noise Cancelling - Sweat Resistant Earphones, Compatible with Apple & Android, Class 1 Bluetooth®, Built-in Microphone - Beats Black","$199.94","$50.01 (20%)","20","https://www.amazon.ca/dp/B09JL41N9C?tag=lesdealsduw02-20&linkCode=osi&th=1&psc=1","https://m.media-amazon.com/images/I/31eauYL9vXL._SL500_.jpg","2"
"apple juice","Food","Lynch Original Hot Apple Cider, 10 Count","$7.99 ($0.80 / count)","$2.00 (20%)","20","https://www.amazon.ca/dp/B07663D4WS?tag=lesdealsduw02-20&linkCode=osi&th=1&psc=1","https://m.media-amazon.com/images/I/51cpSIr-IOL._SL500_.jpg","2"
"apple juice","Food","OASIS ASSORTED JUICE 50 X 200 ML","$32.50 ($3.25 / l)","$8.34 (20%)","20","https://www.amazon.ca/dp/B0C1W6RG52?tag=lesdealsduw02-20&linkCode=osi&th=1&psc=1","https://m.media-amazon.com/images/I/41ytMG4ynAL._SL500_.jpg","2"
"backpack for school","School & Stationery","MATEIN Travel Laptop Backpack, Business Anti Theft Slim Sturdy Laptops Backpack with USB Charging Port, Water Resistant College School Computer Bag Gift for Men & Women Fits 15.6 Inch Notebook, Grey","$28.64","$7.35 (20%)","20","https://www.amazon.ca/dp/B06XZTZ7GB?tag=lesdealsduw02-20&linkCode=osi&th=1&psc=1","https://m.media-amazon.com/images/I/41QUKi9hA+L._SL500_.jpg","1"
"baby stroller","Baby","Graco Modes Pramette Travel System, 3-in-1 Baby Stroller and Car Seat Combo with SnugRide SnugLock 35 Infant Car Seat, Rear-Facing from 1.8-16 kg (4-35 lb), Britton","$599.97","$150.02 (20%)","20","https://www.amazon.ca/dp/B0B26KZQJM?tag=lesdealsduw02-20&linkCode=osi&th=1&psc=1","https://m.media-amazon.com/images/I/41R0AP3k7hL._SL500_.jpg","1"
"baby stroller","Baby","Safety 1st Grow and Go™ Flex 8-in-1 Travel System, All in One Stroller - Foundry","$399.99","$100.00 (20%)","20","https://www.amazon.ca/dp/B0DDL8JRZF?tag=lesdealsduw02-20&linkCode=osi&th=1&psc=1","https://m.media-amazon.com/images/I/41bYhnLN9jL._SL500_.jpg","2"
"baby swing","Baby","Graco Simple Sway LX Baby Swing with Multi-Direction Lounger, Hutton","$198.93","$51.04 (20%)","20","https://www.amazon.ca/dp/B08XMFRVLC?tag=lesdealsduw02-20&linkCode=osi&th=1&psc=1","https://m.media-amazon.com/images/I/418OIgPQ7PL._SL500_.jpg","1"
"basketball","Sports & Fitness","Molten BG3800 Series, Indoor/Outdoor Basketball, FIBA Approved, Size 7, 2- Tone Design, Model: B7G3800","$47.10","$12.06 (20%)","20","https://www.amazon.ca/dp/B083JZKB24?tag=lesdealsduw02-20&linkCode=osi&th=1&psc=1","https://m.media-amazon.com/images/I/610rvQRwpsL._SL500_.jpg","2"
"bike accessories","Sports & Fitness","ROCKBROS Bike Water Bottle Holder Ultra-Light Bicycle Bottle Cages with Screws Tool, Universal Bike Cup Holder for Road MTB Mountain Bikes Cycling Accessories（2 Pack）","$17.59","$4.40 (20%)","20","https://www.amazon.ca/dp/B09ZTVN57N?tag=lesdealsduw02-20&linkCode=osi&th=1&psc=1","https://m.media-amazon.com/images/I/41TLJJXWeWL._SL500_.jpg","1"
"bike gear","Sports & Fitness","Sportneer Men's Padded Mountain Bike Cycling Shorts, L Grey","$42.99","$11.00 (20%)","20","https://www.amazon.ca/dp/B0892D1D3W?tag=lesdealsduw02-20&linkCode=osi&th=1&psc=1","https://m.media-amazon.com/images/I/41+r3EplZFL._SL500_.jpg","2"
"blender","Kitchen","Ninja BL450C, Nutri Pro Personal Blender For Juices, Shakes & Smoothies, 18 and 24 Oz cups, Black/Silver, 900W (Canadian Version)","$79.99","$20.00 (20%)","20","https://www.amazon.ca/dp/B01BPWUG6Y?tag=lesdealsduw02-20&linkCode=osi&th=1&psc=1","https://m.media-amazon.com/images/I/41PC6lQQYnL._SL500_.jpg","1"
"blender","Kitchen","Ninja BN801C, Professional Plus Kitchen System With Auto-iQ, 72oz Pitcher, Black/Silver, 1400W (Canadian Version)","$159.99","$40.00 (20%)","20","https://www.amazon.ca/dp/B08GL19TRT?tag=lesdealsduw02-20&linkCode=osi&th=1&psc=1","https://m.media-amazon.com/images/I/41WByY6UWmL._SL500_.jpg","1"
"books","Books","The Nightingale: A Novel","$18.87","$4.63 (20%)","20","https://www.amazon.ca/dp/1250080401?tag=lesdealsduw02-20&linkCode=osi&th=1&psc=1","https://m.media-amazon.com/images/I/51ifIPw0RxL._SL500_.jpg","1"
"bracelets","Fashion & Accessories","Gold Bracelets for Women, Trendy Adjustable 14K Gold Plated Stackable Link Bracelet, Dainty Thin Paperclip Dot Chain Bracelets Stack Set","$15.19","$3.80 (20%)","20","https://www.amazon.ca/dp/B0CZD793RR?tag=lesdealsduw02-20&linkCode=osi&th=1&psc=1","https://m.media-amazon.com/images/I/31mQE0YqpeL._SL500_.jpg","1"
"camera bag","Cameras & Photography","TARION Camera Bag Professional Camera Backpack Camera Case with Laptop Compartment Waterproof Rain Cover for Women Men TB-S","$44.79","$11.20 (20%)","20","https://www.amazon.ca/dp/B08SBR83TF?tag=lesdealsduw02-20&linkCode=osi&th=1&psc=1","https://m.media-amazon.com/images/I/51wNz7lbFGL._SL500_.jpg","1"
"camping equipment","Outdoor","Camping Tripod Board Turn Branches into Campfire Tripod Stainless Steel Portable Camping Tripod fixing Board with Adjustable Chain for Outdoor Cooking (Black)","$12.79","$3.20 (20%)","20","https://www.amazon.ca/dp/B0C2HB6DBS?tag=lesdealsduw02-20&linkCode=osi&th=1&psc=1","https://m.media-amazon.com/images/I/41aFTGKbvyL._SL500_.jpg","2"
"candy","Food","Power Poppers, Exploding Candy, Bag of 50 count","$3.99 ($7.98 / 100 g)","$1.00 (20%)","20","https://www.amazon.ca/dp/B0CFRK4JTT?tag=lesdealsduw02-20&linkCode=osi&th=1&psc=1","https://m.media-amazon.com/images/I/51GPZ4BiznL._SL500_.jpg","1"
"car gadgets","Automotive","ANCEL AD310 Classic Enhanced Universal OBD II Scanner Car Engine Fault Code Reader CAN Diagnostic Tool (Black)","$39.99","$10.01 (20%)","20","https://www.amazon.ca/dp/B01G5EA74I?tag=lesdealsduw02-20&linkCode=osi&th=1&psc=1","https://m.media-amazon.com/images/I/41VsVSr2eTL._SL500_.jpg","2"
"car mobile holder","Automotive","OQTIQ 13"" Gooseneck Car Phone Mount – Windshield & Dashboard Holder with Strong Suction Cup, Anti-Shake Stabilizer, One-Button Release – Compatible with iPhone 16/15/14 and All Smartphones","$19.94","$5.05 (20%)","20","https://www.amazon.ca/dp/B08F2FJ2MC?tag=lesdealsduw02-20&linkCode=osi&th=1&psc=1","https://m.media-amazon.com/images/I/31TO53-qIIL._SL500_.jpg","2"
"car seat cover","Automotive","Car Seat Protector, [1 Pack] Smart eLf Large Auto Car Seat Protectors for Child Seats with Thickest Padding and Non-Slip Backing Mesh Pockets for SUV, Sedan, Truck, Leather and Fabric Car Seat","$19.14","$4.79 (20%)","20","https://www.amazon.ca/dp/B08XPXDCY1?tag=lesdealsduw02-20&linkCode=osi&th=1&psc=1","https://m.media-amazon.com/images/I/31y3e3zE1sL._SL500_.jpg","1"
"carnival","Events","100 Pcs Carnival Treat Bags, Circus Red and White Stripe Plastic Cellophane Candy Goodie Storage Bags with Twist Ties for Circus Carnival Party Favor","$11.99","$3.00 (20%)","20","https://www.amazon.ca/dp/B0CWTKW6B2?tag=lesdealsduw02-20&linkCode=osi&th=1&psc=1","https://m.media-amazon.com/images/I/51dhhvQn5-L._SL500_.jpg","2"
"coffee brewer","Kitchen","Ninja PB040C Pods & Grounds Single-Serve Coffee Maker, K-Cup Pod Compatible, 56-oz. Reservoir, Iced Coffee Maker, Black","$119.99","$30.00 (20%)","20","https://www.amazon.ca/dp/B0C6V569MG?tag=lesdealsduw02-20&linkCode=osi&th=1&psc=1","https://m.media-amazon.com/images/I/4185lB-LOBL._SL500_.jpg","2"
"coffee espresso machine","Kitchen","Philips Baristina Espresso Machine - Real espresso, made simple. Compact coffee machine, natural black with black portafilter, 16 bar pump pressure, automatic grinder, Cafe Crema (BAR300/60)","$399.99","$100.00 (20%)","20","https://www.amazon.ca/dp/B0F29NZ1LZ?tag=lesdealsduw02-20&linkCode=osi&th=1&psc=1","https://m.media-amazon.com/images/I/31deHz9NAhL._SL500_.jpg","1"
"coffee espresso machine","Kitchen","Breville Barista Express Espresso Machine, Brushed Stainless Steel, BES870XL","$799.99","$200.00 (20%)","20","https://www.amazon.ca/dp/B00CH9QWOU?tag=lesdealsduw02-20&linkCode=osi&th=1&psc=1","https://m.media-amazon.com/images/I/41m5nOfVriL._SL500_.jpg","1"
"cycling","Sports & Fitness","GEMFUL Bike Water Bottles with Bicycle Holder 750ml Mtb Cycling Squeeze 24 oz Sport Bottle 2 Pack Black","$20.79 ($10.40 / count)","$5.20 (20%)","20","https://www.amazon.ca/dp/B0BRGWP7K5?tag=lesdealsduw02-20&linkCode=osi&th=1&psc=1","https://m.media-amazon.com/images/I/51GU42toOcL._SL500_.jpg","1"
"cycling","Sports & Fitness","FEISEDY Sport Sunglasses Mens Women Cycling Mirrored Sports Goggles for MTB Road Bike Hiking Running UV400 Protection B2388","$25.99","$6.50 (20%)","20","https://www.amazon.ca/dp/B0BXDJVKTX?tag=lesdealsduw02-20&linkCode=osi&th=1&psc=1","https://m.media-amazon.com/images/I/31d5IDu-zEL._SL500_.jpg","1"
"cycling","Sports & Fitness","Sportneer Men's Padded Mountain Bike Cycling Shorts, XL Grey","$42.99","$11.00 (20%)","20","https://www.amazon.ca/dp/B089275N6Z?tag=lesdealsduw02-20&linkCode=osi&th=1&psc=1","https://m.media-amazon.com/images/I/41+r3EplZFL._SL500_.jpg","2"
"digital camera","Cameras & Photography","CAMKORY Digital Camera, Full HD 1080P Point and Shoot Camera 44MP Kids Camera with 32GB Card, 16X Zoom, Small Camera for Photography and Video, Pink","$55.99","$14.00 (20%)","20","https://www.amazon.ca/dp/B0DYTJFK34?tag=lesdealsduw02-20&linkCode=osi&th=1&psc=1","https://m.media-amazon.com/images/I/417bNpVXxlL._SL500_.jpg","1"
"drums","Music","AeroBand Electronic Drum Set PocketDrum2 MAX（2024 Version）, Air Drum Sticks & Pedals & Bluetooth Adapter, Play Drum Anywhere Anytime, 8 Tones and USB Midi Kids Adult Drummer Gift (Earphone Included)","$199.00","$50.00 (20%)","20","https://www.amazon.ca/dp/B0DJ12PS6K?tag=lesdealsduw02-20&linkCode=osi&th=1&psc=1","https://m.media-amazon.com/images/I/31M3N+9sE2L._SL500_.jpg","2"
"electric bike","Sports & Fitness","Otiamlar Electric Bike for Adults, 48V10Ah Battery Peak 500W Motor Ebike, 25MPH Max Speed Electric Bicycle, 48V/10Ah Battery Removable Folding Electric Bike","$399.00","$100.99 (20%)","20","https://www.amazon.ca/dp/B0F7LFXXGV?tag=lesdealsduw02-20&linkCode=osi&th=1&psc=1","https://m.media-amazon.com/images/I/41m9NmnmD4L._SL500_.jpg","1"
"electric car","Automotive","Costzon 2-Seater Ride on Car, 12V Kids' Electric Vehicles w/Remote Control, 4 Shock Absorbers, Wireless Music & FM, 3 Speeds, Ambiance Lights, Electric UTV, Kids Car for Boys Girls (Red)","$319.99","$80.00 (20%)","20","https://www.amazon.ca/dp/B0C3777QWX?tag=lesdealsduw02-20&linkCode=osi&th=1&psc=1","https://m.media-amazon.com/images/I/51mhQsrOmSL._SL500_.jpg","1"
"fan","Home","PELONIS Oscillating Tower Fan with Remote Control 40’’ Quiet Stand Up Fan with 3 Speed Settings and 3 Modes 15-Hour Timer LED Display for Bedroom Home Office Use, Black","$80.97","$19.92 (20%)","20","https://www.amazon.ca/dp/B086MFKGJ8?tag=lesdealsduw02-20&linkCode=osi&th=1&psc=1","https://m.media-amazon.com/images/I/31URt-Nca9L._SL500_.jpg","1"
"folders","School & Stationery","OUTYLTS 11 Pack Plastic Poly Filing Envelopes, Clear Document Folders US Letter A4 Size File Envelopes with Label Pocket & Paste Button for School Home Work Office Organization, 6 Assorted Color (11)","$12.79","$3.20 (20%)","20","https://www.amazon.ca/dp/B07YXX66JS?tag=lesdealsduw02-20&linkCode=osi&th=1&psc=1","https://m.media-amazon.com/images/I/41kwZpwuyGL._SL500_.jpg","2"
"folders","School & Stationery","Oxford 2 Pocket Folders, Textured Paper, Assorted Colors (Light Blue, Red, Yellow, Orange, Green), Letter Size, 50 Per Box (67613)","$21.89","$5.47 (20%)","20","https://www.amazon.ca/dp/B07BFTDNBL?tag=lesdealsduw02-20&linkCode=osi&th=1&psc=1","https://m.media-amazon.com/images/I/41X0lfhj0TL._SL500_.jpg","2"
"footwear","Shoes","FITORY Women's Slide Sandals with Soft Cork Footbed, Comfort Arch Support Flat Sandals for Summer Brownish Yellow Size 10","$39.99","$10.00 (20%)","20","https://www.amazon.ca/dp/B0DPH6QY77?tag=lesdealsduw02-20&linkCode=osi&th=1&psc=1","https://m.media-amazon.com/images/I/41DnAYZJt9L._SL500_.jpg","2"
"gaming keyboard","Gaming","MSI Gaming Backlit RGB, Dedicated Hotkeys, Anti-Ghosting, Water Resistant Mechanical Feel Gaming Keyboard, Crisp Typing +12 Million Click Life Span, Steady Gaming Base Support (Vigor GK30 US)","$39.98","$10.01 (20%)","20","https://www.amazon.ca/dp/B07WJJC45T?tag=lesdealsduw02-20&linkCode=osi&th=1&psc=1","https://m.media-amazon.com/images/I/41j4nb2LPEL._SL500_.jpg","1"
"gaming keyboard","Gaming","Redragon K668 RGB Gaming Keyboard, 108 Keys Wired Mechanical Keyboard w/Sound Absorbing Foams, Upgraded Hot-swappable Socket, Mixed Color Keycaps, Red Switch","$59.99","$15.00 (20%)","20","https://www.amazon.ca/dp/B0CDWP1D58?tag=lesdealsduw02-20&linkCode=osi&th=1&psc=1","https://m.media-amazon.com/images/I/31qNb+bxSwL._SL500_.jpg","2"
"gaming keyboard","Gaming","Redragon K580 VATA RGB Mechanical Gaming Keyboard, 104 Keys Gamer Keyboard with Blue Tactile Mechanical Switches, Customizable RGB Backlit, 5 On-Board Macro Keys & Dedicated Media Controls Panel","$71.99","$18.00 (20%)","20","https://www.amazon.ca/dp/B07G11G2X8?tag=lesdealsduw02-20&linkCode=osi&th=1&psc=1","https://m.media-amazon.com/images/I/51I5qT5AU4L._SL500_.jpg","2"
"gaming mouse","Gaming","TMKB Falcon M1SE Ultralight Honeycomb Gaming Mouse, High-Precision 12800DPI Optical Sensor, 6 Programmable Buttons, Customizable RGB, Drag-Free Paracord, Ergonomic Wired Gaming Mouse - Matte White","$23.99","$6.00 (20%)","20","https://www.amazon.ca/dp/B0BGKBT1JG?tag=lesdealsduw02-20&linkCode=osi&th=1&psc=1","https://m.media-amazon.com/images/I/41fsHdes5wL._SL500_.jpg","2"
"gaming monitor","Gaming","KOORUI 34-inch Ultrawide Curved WQHD 3440×1440 Gaming Monitor, 165Hz 144Hz Curved 1000R- PIP/PBP, 1ms(MPRT) with DisplayHDR 400, DCI-P3 90% Color Gamut, AdaptiveSync, HDMI/DisplayPort, 34E6UC","$349.99","$90.00 (20%)","20","https://www.amazon.ca/dp/B0C4P2KB9K?tag=lesdealsduw02-20&linkCode=osi&th=1&psc=1","https://m.media-amazon.com/images/I/41x4sBLEu2L._SL500_.jpg","2"
"gimbal","Cameras & Photography","hohem iSteady Q Gimbal Stabilizer for Smartphone, 1 Axis Selfie Stick Tripod with Face Tracking, 360° Rotation, 4 in 1 Portable Phone Tripod w/Extendable Stick, Video Recording","$31.99","$8.00 (20%)","20","https://www.amazon.ca/dp/B0DSB8XHFN?tag=lesdealsduw02-20&linkCode=osi&th=1&psc=1","https://m.media-amazon.com/images/I/41B5vQJWI4L._SL500_.jpg","1"
"gimbal","Cameras & Photography","hohem iSteady X3 SE Gimbal Stabilizer for iPhone, 3-Axis Foldable Phone Gimbal for Smartphone, Object Tracking, Remote Control & Tripod, Phone Stabilizer for Video Recording, Vlog Stabilizer, YouTube","$71.20","$17.80 (20%)","20","https://www.amazon.ca/dp/B0DJNXLLLC?tag=lesdealsduw02-20&linkCode=osi&th=1&psc=1","https://m.media-amazon.com/images/I/31P01OCV0BL._SL500_.jpg","1"
"golf","Sports & Fitness","RELILAC Pop Up Golf Chipping Net - Indoor/Outdoor Golfing Target Accessories for Backyard Accuracy and Swing Practice - Great Gifts for Men, Dad, Husband, Women, Kid, Golfers","$39.99","$10.00 (20%)","20","https://www.amazon.ca/dp/B07GLY5NQQ?tag=lesdealsduw02-20&linkCode=osi&th=1&psc=1","https://m.media-amazon.com/images/I/51cXQ72wXaL._SL500_.jpg","2"
"gopro camera","Cameras & Photography","Action Camera 4K 60FPS with Dual Screens Design, Underwater Camera 64GB Memory Card Included, 132FT Waterproof Camera, 30MP Photo, EIS, 5X Zoom, Sports Camera with Accessories Kit, WiFi Remote Control","$95.99","$24.00 (20%)","20","https://www.amazon.ca/dp/B0F4J3TZNR?tag=lesdealsduw02-20&linkCode=osi&th=1&psc=1","https://m.media-amazon.com/images/I/51zpFIyNAFL._SL500_.jpg","1"
"headphones","Audio","Sony MDRZX110 Over-Ear Headphones (Black)","$19.98","$5.00 (20%)","20","https://www.amazon.ca/dp/B00NJ2M33I?tag=lesdealsduw02-20&linkCode=osi&th=1&psc=1","https://m.media-amazon.com/images/I/3120VK8yGAL._SL500_.jpg","1"
"headphones","Audio","Lorelei X8 Over-Ear Wired Headphones with Microphone with 1.45m-Tangle-Free Nylon Line&3.5mm Plug,Lightweight Foldable & Portable Headphones for Smartphone,Tablet,Computer,Mp3/4(Dark Purple)","$19.99","$5.00 (20%)","20","https://www.amazon.ca/dp/B08JCD23MJ?tag=lesdealsduw02-20&linkCode=osi&th=1&psc=1","https://m.media-amazon.com/images/I/41bG-ufetFL._SL500_.jpg","1"
"headphones","Audio","LORELEI X6 Over-Ear Headphones with Microphone, Lightweight Foldable & Portable Stereo Bass Headphones with 1.45M No-Tangle, Wired Headphones for Smartphone Tablet MP3 / 4 (Space Black)","$19.99","$5.00 (20%)","20","https://www.amazon.ca/dp/B083P1HG9S?tag=lesdealsduw02-20&linkCode=osi&th=1&psc=1","https://m.media-amazon.com/images/I/414LsloG1NL._SL500_.jpg","2"
"hdmi cable","Other Tech","Silkland 10K 8K HDMI Cable 2-Pack 6.6FT, [Certified] Ultra High Speed HDMI® 2.1 Cables 48Gbps, 8K@60Hz, 4K@120Hz HDMI Cord for Gaming, ARC/eARC, HDR10, HDCP 2.3 for Roku TV, Xbox, PS5, Laptop,Soundbar","$13.59 ($6.80 / Count)","$3.40 (20%)","20","https://www.amazon.ca/dp/B0D178S6ZS?tag=lesdealsduw02-20&linkCode=osi&th=1&psc=1","https://m.media-amazon.com/images/I/41hjiERr6BL._SL500_.jpg","1"
"home essentials","Home","Lifewit Extra Large Cutlery Organizer, Expandable Silverware Drawer Organizer for Kitchen, Adjustable Cutlery Tray Drawer Organizer for Spoon Forks Knives, Cutlery Rack, Black","$24.89","$6.10 (20%)","20","https://www.amazon.ca/dp/B0B6N7CR8C?tag=lesdealsduw02-20&linkCode=osi&th=1&psc=1","https://m.media-amazon.com/images/I/413dKgGc3OL._SL500_.jpg","2"
"home gym equipment","Sports & Fitness","EnterSports AB Wheel Roller, 6-in-1 Exercise Roller Wheel Kit with Knee Pad, Resistance Bands, Pad Push Up Bars Handles Grips, Perfect Home Gym Equipment for Men Women Abdominal Roller (Black)","$39.99","$10.00 (20%)","20","https://www.amazon.ca/dp/B07R5K67V4?tag=lesdealsduw02-20&linkCode=osi&th=1&psc=1","https://m.media-amazon.com/images/I/51kfdBzi9QL._SL500_.jpg","2"
"humidifier","Home","ASAKUKI Humidifiers for Bedroom, 3L Top Fill Cool Mist Air Humidifier & Aroma Diffuser with Night Light for Baby Nursery & Plants, Ultrasonic Quiet, Easy Clean, Auto Shut-Off, BPA Safe, 30H","$39.99","$10.00 (20%)","20","https://www.amazon.ca/dp/B0CCNFZP9G?tag=lesdealsduw02-20&linkCode=osi&th=1&psc=1","https://m.media-amazon.com/images/I/31b+s15xbmL._SL500_.jpg","1"
"infant shoes","Baby","LIZISHU Comfortable Baby Boys Girls Low Top Sneakers Lightweight Soft Sole Ventilated & Anti-Skid - Perfect for First Walkers Shoes 6 9 12 18 24 Months(BM07-Blue-15,6-12months)","$20.79","$5.20 (20%)","20","https://www.amazon.ca/dp/B0D83VRQ77?tag=lesdealsduw02-20&linkCode=osi&th=1&psc=1","https://m.media-amazon.com/images/I/31ywSpuf-ZL._SL500_.jpg","2"
"instant coffee","Food","Nescafé Rich, Instant Coffee, 475g Tin, Brown (Package May Vary)","$15.97 ($0.03 / Gram)","$4.02 (20%)","20","https://www.amazon.ca/dp/B01D8IWO5Y?tag=lesdealsduw02-20&linkCode=osi&th=1&psc=1","https://m.media-amazon.com/images/I/31Ds-468DNL._SL500_.jpg","1"
"iphone 15 pro max","Smartphones","ivoler [3+3 Pack] Tempered Glass for iPhone 15 Pro Max Screen Protector 6.7'' [3 Pack] with [3 Pack] Camera Lens Protector with [Alignment Frame], Anti-Scratch Case Friendly Transparent HD Clear Film","$8.79","$2.20 (20%)","20","https://www.amazon.ca/dp/B0CC5L3W4Y?tag=lesdealsduw02-20&linkCode=osi&th=1&psc=1","https://m.media-amazon.com/images/I/51GcFPDz+-L._SL500_.jpg","2"
"kitchen organizer","Kitchen","Vtopmart 4 Pack Food Storage Organizer Bins, Clear Plastic Bins for Pantry, Kitchen, Fridge, Cabinet Organization and Storage, 4 Compartment Holder for Packets, Tea, Snacks, Pouches, Spice Packets","$24.66 ($6.16 / Pack)","$6.33 (20%)","20","https://www.amazon.ca/dp/B097M3XJ49?tag=lesdealsduw02-20&linkCode=osi&th=1&psc=1","https://m.media-amazon.com/images/I/4122qXg8wSL._SL500_.jpg","2"
"kitchen scale","Kitchen","ZONSEL Digital Kitchen Scales,6 Units with Tare Function,5kg/11lbs Food Kitchen Scale with LCD Display Grams and Ounces for Baking,Cooking (Black)","$12.79","$3.20 (20%)","20","https://www.amazon.ca/dp/B0F2THPV6N?tag=lesdealsduw02-20&linkCode=osi&th=1&psc=1","https://m.media-amazon.com/images/I/410x1ADMJqL._SL500_.jpg","2"
"lego","Toys & Games","LEGO Creator 3 in 1 Magical Unicorn Toy, Transforms from Unicorn to Seahorse to Peacock, Rainbow Animal Figures, Unicorn Gift for Grandchildren, Girls and Boys, Buildable Toys, 31140","$11.18","$2.81 (20%)","20","https://www.amazon.ca/dp/B0BLJ4SVWV?tag=lesdealsduw02-20&linkCode=osi&th=1&psc=1","https://m.media-amazon.com/images/I/41tNQd8lXsL._SL500_.jpg","1"
"lego","Toys & Games","LEGO Speed Champions Ferrari F40 Supercar, Toy Car Model Building Set with Driver Minifigure, Collectible Ferrari Toy for Kids Ages 9 and Up, 76934","$27.94","$7.05 (20%)","20","https://www.amazon.ca/dp/B0CV27Y7ZT?tag=lesdealsduw02-20&linkCode=osi&th=1&psc=1","https://m.media-amazon.com/images/I/51Sj1ItnWJL._SL500_.jpg","2"
"led strip lights","Home","Govee RGBIC Pro LED Strip Lights, 16.4ft Color Changing Smart LED Strips, Works with Alexa and Google, Segmented DIY, Music Sync, WiFi and App Control, LED Lights for Bedroom,Home Decor","$31.99","$8.00 (20%)","20","https://www.amazon.ca/dp/B09BF87NFJ?tag=lesdealsduw02-20&linkCode=osi&th=1&psc=1","https://m.media-amazon.com/images/I/51L8r3qL2kL._SL500_.jpg","2"
"laptop stand","Computers & Laptops","Gogoonike Adjustable Laptop Stand for Desk, Metal Foldable Laptop Riser, Portable Laptop Holder, Ventilated Cooling Computer Notebook Stand Compatible with 10-15.6” Laptops","$23.99","$6.00 (20%)","20","https://www.amazon.ca/dp/B0C7BKZ883?tag=lesdealsduw02-20&linkCode=osi&th=1&psc=1","https://m.media-amazon.com/images/I/41-P9I-xIRL._SL500_.jpg","1"
"laptop stand","Computers & Laptops","Bracwiser Monitor Stand Riser, Metal Computer Stand, 3 Height Adjustable Screen Riser with Mesh Platform for PS4, Laptop, Printer, Notebook and All Flat Screen, Holds Up to 20KG","$15.99","$3.99 (20%)","20","https://www.amazon.ca/dp/B08PNP3CY7?tag=lesdealsduw02-20&linkCode=osi&th=1&psc=1","https://m.media-amazon.com/images/I/418wxQiWHJL._SL500_.jpg","2"
"martial arts","Sports & Fitness","Be Water, My Friend: The Teachings of Bruce Lee","$18.33","$4.66 (20%)","20","https://www.amazon.ca/dp/1250206707?tag=lesdealsduw02-20&linkCode=osi&th=1&psc=1","https://m.media-amazon.com/images/I/41RRzcypduL._SL500_.jpg","1"
"mesh wifi","Networking & Connectivity","Amazon eero 6 mesh wifi system - Supports internet plans up to 500 Mbps, Coverage up to 420 m², Connect 75+ devices, 3-pack (1 router + 2 extenders)","$214.99","$55.00 (20%)","20","https://www.amazon.ca/dp/B086P34DPF?tag=lesdealsduw02-20&linkCode=osi&th=1&psc=1","https://m.media-amazon.com/images/I/21Ck7zI6OBL._SL500_.jpg","1"
"microphone","Music","Audio-Technica AT2020 Cardioid Condenser Studio XLR Microphone, Ideal for Project/Home Studio Applications","$119.00","$30.00 (20%)","20","https://www.amazon.ca/dp/B0006H92QK?tag=lesdealsduw02-20&linkCode=osi&th=1&psc=1","https://m.media-amazon.com/images/I/31aLn91ybxL._SL500_.jpg","2"
"mobile accessories","Smartphones","Adjustable Cell Phone Stand, OMOTON C2 Aluminum Desktop Phone Holder Dock Compatible with iPhone 13 Pro Max/ 13 Pro/ 13/13 Mini and Other Smart Phones, Silver","$15.99","$4.00 (20%)","20","https://www.amazon.ca/dp/B0744DM3Y3?tag=lesdealsduw02-20&linkCode=osi&th=1&psc=1","https://m.media-amazon.com/images/I/41b6TfhOl7L._SL500_.jpg","1"
"modem","Networking & Connectivity","Tenda AC1200 WiFi Router, Dual Band Wireless Router 4 x 100 Mbps Ethernet Ports, Supports APP, Guest WiFi, Access Point Mode, IPv6, Parental Control(AC6)","$39.99","$10.00 (20%)","20","https://www.amazon.ca/dp/B06X1CHFJ5?tag=lesdealsduw02-20&linkCode=osi&th=1&psc=1","https://m.media-amazon.com/images/I/318r01YPBIL._SL500_.jpg","1"
"monitor stand","Computers & Laptops","Single LCD Computer Monitor Free-Standing Desk Stand Mount Riser for 13 inch to 32 inch screen with Swivel, Height Adjustable, Rotation, Vesa Base Stand Holds One (1) Screen up to 77Lbs(HT05B-001))","$31.99","$8.00 (20%)","20","https://www.amazon.ca/dp/B07Q79ZZJ6?tag=lesdealsduw02-20&linkCode=osi&th=1&psc=1","https://m.media-amazon.com/images/I/31-LBzENQIL._SL500_.jpg","1"
"monitor stand","Computers & Laptops","AMERIERGO Dual Monitor Stand -Adjustable Length and Angle, Dual Monitor Riser, Computer Monitor Stand w/2 Slot, Desktop Organizer, Monitor Stand Riser for PC, Computer, Laptop (Black)","$39.99","$9.82 (20%)","20","https://www.amazon.ca/dp/B0855QBHTZ?tag=lesdealsduw02-20&linkCode=osi&th=1&psc=1","https://m.media-amazon.com/images/I/51stMc5WEkL._SL500_.jpg","2"
"necklaces","Fashion & Accessories","HIPWOPE 14K Gold/Silver Plated Snake Chain Necklace，Herringbone Necklace For Women Gold Filled Flat Chain Necklace for Women Gifts Jewelry Adjustable Necklace 3/5MM(W)16""/18""20""/22""/24""(L)","$11.19","$2.80 (20%)","20","https://www.amazon.ca/dp/B0BS6CTW4Q?tag=lesdealsduw02-20&linkCode=osi&th=1&psc=1","https://m.media-amazon.com/images/I/31+epjcwbgL._SL500_.jpg","1"
"necklaces","Fashion & Accessories","Gold Layered Choker Necklace for Women Girls, 14K Real Gold Plated CZ Pendant Necklace, Dainty Flat Snake Chain Layering Necklace for Gift","$12.74","$3.23 (20%)","20","https://www.amazon.ca/dp/B0BK14MW6T?tag=lesdealsduw02-20&linkCode=osi&th=1&psc=1","https://m.media-amazon.com/images/I/31wP+sZ7zYL._SL500_.jpg","2"
"new year","Events","NICROLANDEE Black Gold Party Decorations, 15 PCS Tissue Paper Pom Poms Kit for Wedding, Birthday, Engagement, Baby Shower, Bridal Showers, Paper Garland Flowers 2025 New Years Eve Party Wall Decor","$16.08","$3.91 (20%)","20","https://www.amazon.ca/dp/B0BWXKDRGR?tag=lesdealsduw02-20&linkCode=osi&th=1&psc=1","https://m.media-amazon.com/images/I/51SYem6WB6L._SL500_.jpg","1"
"office chair","Home","Amseatec Office Chair, Big and Tall Office Chair with Foot Rest Ergonomic Office Chair Home Office Desk Chairs Reclining High Back Leather Chair with Lumbar Support(Brown)","$159.99","$40.00 (20%)","20","https://www.amazon.ca/dp/B0CRTM67Q8?tag=lesdealsduw02-20&linkCode=osi&th=1&psc=1","https://m.media-amazon.com/images/I/51wfA6Uqt-L._SL500_.jpg","2"
"pencil case","School & Stationery","Pencil Case Pink, Pen Case for Adult with Double Zippers Closure, Stationery Supplies Cute Pen Pouch with Compartments for Middle High School Student Kids Boy Girl Teen Adult (Pink)","$12.79","$3.20 (20%)","20","https://www.amazon.ca/dp/B098PV5F4V?tag=lesdealsduw02-20&linkCode=osi&th=1&psc=1","https://m.media-amazon.com/images/I/51AwrSEa8cL._SL500_.jpg","2"
"pet supplies","Home","Pet Hair Remover Roller, ACE2ACE Reusable Animal Hair Removal Brush for Dogs and Cats, Self Clean Pet Fur from Carpet, Furniture, Rugs, Laundry, Clothes and Bedding, Sofa","$23.99 ($23.99 / count)","$6.00 (20%)","20","https://www.amazon.ca/dp/B0C3G9LFYS?tag=lesdealsduw02-20&linkCode=osi&th=1&psc=1","https://m.media-amazon.com/images/I/41AtO5Z3usL._SL500_.jpg","2"
"portable charger","Power & Chargers","Portable Charger 10000mAh with Built in Cables, USB C Power Bank Ultra Slim 5 Output 2 Input LED Display VRURC External Battery Pack Phone Charger Compatible with iPhone,Samsung Cell Phones, Black","$23.99","$6.00 (20%)","20","https://www.amazon.ca/dp/B09KM11W53?tag=lesdealsduw02-20&linkCode=osi&th=1&psc=1","https://m.media-amazon.com/images/I/314E5wy19WL._SL500_.jpg","1"
"portable charger","Power & Chargers","RORRY Portable Charger, 5000mAh Portable Charger Power Bank with Built-in Cables, Travel Keychain Battery Pack for Apple Watch Ultra 2/9/8/Ultra/7/6/SE/5, iPhone 16/15/14/13/12, Blue","$33.59","$8.40 (20%)","20","https://www.amazon.ca/dp/B0CM3DS12Q?tag=lesdealsduw02-20&linkCode=osi&th=1&psc=1","https://m.media-amazon.com/images/I/31PbgZ3q5WL._SL500_.jpg","2"
"portable speaker","Audio","Anker SoundCore mini, Super-Portable Bluetooth Speaker with 15-Hour Playtime, 66-Foot Bluetooth Range, Enhanced Bass, Noise-Cancelling Microphone","$27.99","$7.00 (20%)","20","https://www.amazon.ca/dp/B01HTH3C8S?tag=lesdealsduw02-20&linkCode=osi&th=1&psc=1","https://m.media-amazon.com/images/I/319p69GKt1L._SL500_.jpg","1"
"power strip","Power & Chargers","Surge Protector Outlet Extender - with Rotating Plug, 6 AC Multi Plug Outlet with 3 USB Ports (1 USB C), 1800 Joules, 3-Sided Swivel Power Bar with Spaced Splitter for Home, Office, Travel","$19.99","$5.00 (20%)","20","https://www.amazon.ca/dp/B0B5X5DQPT?tag=lesdealsduw02-20&linkCode=osi&th=1&psc=1","https://m.media-amazon.com/images/I/31xDRMWFQZL._SL500_.jpg","1"
"printer","Computers & Laptops","Brother DCP-L2640DW Business-Ready Wireless Monochrome Multifunction Laser Printer – Print, Copy, Scan, Mobile Printing, 700 Prints in-Box, Toner with a Refresh Subscription","$229.99","$59.09 (20%)","20","https://www.amazon.ca/dp/B0CPLFTPCV?tag=lesdealsduw02-20&linkCode=osi&th=1&psc=1","https://m.media-amazon.com/images/I/31x6G9x3JSL._SL500_.jpg","1"
"projector","Cameras & Photography","Projector Compatible with Google TV, Projector 4K – 1500 ANSI, Auto Focus & 4D Keystone, Auto Lens Cover; 230M+Apps, Wi-Fi 6 Cast & Bluetooth; Gaming & Home Cinema; Projecteur Portable Projector","$599.99","$150.00 (20%)","20","https://www.amazon.ca/dp/B0FC2VLSP2?tag=lesdealsduw02-20&linkCode=osi&th=1&psc=1","https://m.media-amazon.com/images/I/51mVdmj1OhL._SL500_.jpg","2"
"projector mount","Cameras & Photography","Suptek Foldable Projector Wall Mount Universal Adjustable Wall Projector Mount 1/4"" Screw Size MA1330YT","$19.99","$5.00 (20%)","20","https://www.amazon.ca/dp/B0BPLN7MYB?tag=lesdealsduw02-20&linkCode=osi&th=1&psc=1","https://m.media-amazon.com/images/I/41BXgGwRJBL._SL500_.jpg","1"
"resistance bands","Sports & Fitness","AMAZINGHOME Resistance Bands for Exercise - 5 Pack Natural Rubber Resistance Fitness Exercise Bands with 5 Different Resistance Levels, Ideal for Home, Gym, Yoga, Training by Yourself","$7.99","$2.00 (20%)","20","https://www.amazon.ca/dp/B0DM2K66CB?tag=lesdealsduw02-20&linkCode=osi&th=1&psc=1","https://m.media-amazon.com/images/I/41TyOLgjS7L._SL500_.jpg","2"
"saxophone","Music","LeapFrog Learn & Groove Jazzy Saxophone (English Version)","$19.97","$5.02 (20%)","20","https://www.amazon.ca/dp/B0CSMDWJJZ?tag=lesdealsduw02-20&linkCode=osi&th=1&psc=1","https://m.media-amazon.com/images/I/41O5Js3zufL._SL500_.jpg","2"
"shoes","Shoes","VIFUUR Water Sports Unisex Shoes Black - 13.5 W US / 12 M US (46)","$15.88","$4.00 (20%)","20","https://www.amazon.ca/dp/B085VD3QF7?tag=lesdealsduw02-20&linkCode=osi&th=1&psc=1","https://m.media-amazon.com/images/I/41gVlzM3vfL._SL500_.jpg","2"
"single serve coffee maker","Kitchen","Starfrit Electric Single-Serve Coffee Maker - 360ml - Travel Mug - Removable Filter Basket & Holder - 600W","$19.99","$5.00 (20%)","20","https://www.amazon.ca/dp/B07T4GGPPF?tag=lesdealsduw02-20&linkCode=osi&th=1&psc=1","https://m.media-amazon.com/images/I/31dnM7oojkL._SL500_.jpg","1"
"smart home devices","Smart Home","Kasa Smart Light Bulbs, Full Colour Changing Dimmable Smart WiFi Bulbs Compatible with Alexa and Google Home, A19, 9W 800 Lumens,2.4Ghz only, No Hub Required, 2-Pack (KL125P2), Multicolour","$19.99 ($10.00 / count)","$5.00 (20%)","20","https://www.amazon.ca/dp/B08TB6VXFL?tag=lesdealsduw02-20&linkCode=osi&th=1&psc=1","https://m.media-amazon.com/images/I/41kzkKJgovL._SL500_.jpg","1"
"smart home devices","Smart Home","Govee Smart Plug, WiFi Plugs Work with Alexa & Google Assistant, Smart Outlet with Timer & Group Controller, WiFi Outlet for Home, No Hub Required, ETL & FCC Certified, WiFi Bluetooth Connect, 4 Pack","$31.99 ($8.00 / count)","$8.00 (20%)","20","https://www.amazon.ca/dp/B08731J1L4?tag=lesdealsduw02-20&linkCode=osi&th=1&psc=1","https://m.media-amazon.com/images/I/310tVwCQrVL._SL500_.jpg","2"
"smart home devices","Smart Home","Leecici Fingerprint Door Lock Set, Keyless Entry Door Lock, Smart Locks for Front Door, Electronic Keypad Deadbolt Lock with Lever Handle, Bluetooth APP, Auto Lock, Code Door Lock, Easy to Install","$79.99","$20.00 (20%)","20","https://www.amazon.ca/dp/B0DHH7F1RN?tag=lesdealsduw02-20&linkCode=osi&th=1&psc=1","https://m.media-amazon.com/images/I/41gTbgkXR+L._SL500_.jpg","2"
"smart home devices","Smart Home","Amazon Echo Spot (newest model), Great for nightstands, offices and kitchens, Smart alarm clock with Alexa, Black","$79.99","$20.00 (20%)","20","https://www.amazon.ca/dp/B0BFC7WQ6R?tag=lesdealsduw02-20&linkCode=osi&th=1&psc=1","https://m.media-amazon.com/images/I/41vIdTkw9yL._SL500_.jpg","2"
"smart speaker","Smart Home","Bluetooth Speaker with Lights, Wireless Charging Speaker, Dimmable Multi-Color Modern Night Lamp, Applicable for Bedroom/Teen Girl,Boy Gifts (5W Wireless Charging)","$39.99","$10.00 (20%)","20","https://www.amazon.ca/dp/B09F6L2XB4?tag=lesdealsduw02-20&linkCode=osi&th=1&psc=1","https://m.media-amazon.com/images/I/411gFDVF05L._SL500_.jpg","2"
"smart tv","TV & Video","FPD 40 Inch Smart TV 1080p Full HD Powered by Tizen OS Compatible with Dolby Audio, HDR 10, HDMI, Voice Control, WiFi, Built-in Miracast, Flat Screen Television (AT40-P1, 2025)","$215.99","$54.00 (20%)","20","https://www.amazon.ca/dp/B0F32F8JD6?tag=lesdealsduw02-20&linkCode=osi&th=1&psc=1","https://m.media-amazon.com/images/I/41otuEJr4ZL._SL500_.jpg","2"
"sneakers","Shoes","adidas Men's Run 70s 2.0, White/Core Black/Grey One, 12","$55.29","$13.83 (20%)","20","https://www.amazon.ca/dp/B0CKMM1SJM?tag=lesdealsduw02-20&linkCode=osi&th=1&psc=1","https://m.media-amazon.com/images/I/31tlroiRxuL._SL500_.jpg","2"
"snacks","Food","CRISPERS, All Dressed Flavour, 18 Individually Wrapped Snack Packs, Bulk Lunch School Snacks, Value Pack, Is It a Chip or a Cracker, 504 g (28 g bags each)","$7.98 ($1.58 / 100 g)","$2.00 (20%)","20","https://www.amazon.ca/dp/B0DSCL75NQ?tag=lesdealsduw02-20&linkCode=osi&th=1&psc=1","https://m.media-amazon.com/images/I/517E6NNcqmL._SL500_.jpg","1"
"soft baby blanket","Baby","Pobi Baby Premium Baby Blanket, Soft Stretchy Quilt for Babies, Toddlers, Kids (Magical Animal)","$39.96","$9.99 (20%)","20","https://www.amazon.ca/dp/B0BZSZYF8D?tag=lesdealsduw02-20&linkCode=osi&th=1&psc=1","https://m.media-amazon.com/images/I/41op7nKB0ZL._SL500_.jpg","2"
"socks","Fashion & Accessories","adidas Men's Athletic Cushioned 6-Pack Crew Socks, Black, Large","$20.80","$5.20 (20%)","20","https://www.amazon.ca/dp/B008YA0Z44?tag=lesdealsduw02-20&linkCode=osi&th=1&psc=1","https://m.media-amazon.com/images/I/31CxkomhgPL._SL500_.jpg","2"
"soundbar","Audio","Amazon Fire TV Soundbar, 2.0 speaker with DTS Virtual:X and Dolby Audio, Bluetooth connectivity","$159.99","$40.00 (20%)","20","https://www.amazon.ca/dp/B0C4BZ28PG?tag=lesdealsduw02-20&linkCode=osi&th=1&psc=1","https://m.media-amazon.com/images/I/31ld3-+FeVL._SL500_.jpg","1"
"soundbar","Audio","MZEIBO TV Sound Bar, 60W Smart Sound Bar with Detachable Design, Dolby Atmos, Bluetooth 5.0 Soundbar for TV with ARC/Optical/AUX, Immersive Home Theater Experience","$79.99","$20.00 (20%)","20","https://www.amazon.ca/dp/B0DSW7RQD9?tag=lesdealsduw02-20&linkCode=osi&th=1&psc=1","https://m.media-amazon.com/images/I/317QFXpeaOL._SL500_.jpg","2"
"sports drinks","Food","BioSteel Sports Drink, Great Tasting Hydration with 5 Essential Electrolytes, Rainbow Twist Flavour, 16.7 Fluid Ounces, 12-Pack","$22.36","$5.63 (20%)","20","https://www.amazon.ca/dp/B08V22TGH5?tag=lesdealsduw02-20&linkCode=osi&th=1&psc=1","https://m.media-amazon.com/images/I/417mucHywdL._SL500_.jpg","1"
"sports drinks","Food","Gatorade Zero Electrolyte Powder Sticks – Glacier Freeze, Zero Sugar Hydration Drink Mix, 10 Packets – On-the-Go Electrolytes for Rapid Sports Hydration","$5.97 ($19.90 / 100 g)","$1.51 (20%)","20","https://www.amazon.ca/dp/B0D1VN5QLZ?tag=lesdealsduw02-20&linkCode=osi&th=1&psc=1","https://m.media-amazon.com/images/I/51CNoMOQh6L._SL500_.jpg","2"
"sportswear","Sports & Fitness","LUYAA Women's Black Workout Jacket Athletic Full Zip Jacket Activewear Cropped Tops S","$16.00","$3.99 (20%)","20","https://www.amazon.ca/dp/B09SZ6512M?tag=lesdealsduw02-20&linkCode=osi&th=1&psc=1","https://m.media-amazon.com/images/I/31BOy-HladL._SL500_.jpg","2"
"ssd drive","Computers & Laptops","SAMSUNG 990 EVO SSD 2TB, PCIe 5.0 x2 M.2 2280, Speeds Up-to 5,000MB/s, Upgrade Storage for PC/Laptops, HMB Technology and Intelligent Turbowrite (MZ-V9E2T0B/AM)[Canada Version]","$179.97","$44.69 (20%)","20","https://www.amazon.ca/dp/B0CRC7H66Z?tag=lesdealsduw02-20&linkCode=osi&th=1&psc=1","https://m.media-amazon.com/images/I/31hgrFe+bBL._SL500_.jpg","2"
"streaming device","TV & Video","Amazon Fire TV Stick HD (newest model), free and live TV, Alexa Voice Remote, smart home controls, HD streaming","$39.99","$10.00 (20%)","20","https://www.amazon.ca/dp/B0CQN248PX?tag=lesdealsduw02-20&linkCode=osi&th=1&psc=1","https://m.media-amazon.com/images/I/31ojTUZoajL._SL500_.jpg","1"
"streaming device","TV & Video","Roku® Streaming Stick™ Plus 2025 – 4K and HDR Roku Streaming Device for TV with Voice Remote – Free and Live TV","$39.99","$10.00 (20%)","20","https://www.amazon.ca/dp/B0F63ZBN1P?tag=lesdealsduw02-20&linkCode=osi&th=1&psc=1","https://m.media-amazon.com/images/I/414ucaIVh2L._SL500_.jpg","2"
"sunscreen","Beauty & Health","Neutrogena Hydro Boost Water Gel Sunscreen Lotion with Broad Spectrum SPF 50, Water-Resistant & Non-Greasy Hydrating Sunscreen Lotion, Oil-Free, 88 mL","$13.97","$3.50 (20%)","20","https://www.amazon.ca/dp/B08QX1XWNW?tag=lesdealsduw02-20&linkCode=osi&th=1&psc=1","https://m.media-amazon.com/images/I/31H2pTv8MkL._SL500_.jpg","1"
"swimming","Sports & Fitness","BOOSTEADY Swimming Training Belt 4M Swimming Tether Swim in Place Harness Stationary Swimming Aquatic Resistance Belt","$19.97","$5.00 (20%)","20","https://www.amazon.ca/dp/B09JWBLVLR?tag=lesdealsduw02-20&linkCode=osi&th=1&psc=1","https://m.media-amazon.com/images/I/510UTz7D9UL._SL500_.jpg","2"
"tablet accessories","Computers & Laptops","Nulaxy Aluminum Dual Foldable iPad Stand, Fully Adjustable Desktop Tablet Holder, iPad Accessories Office Compatible with 4-11"" Mobile Devices Kindle, iPad Pro/Air/Mini, iPhone Pro/Max/Plus, Black","$19.99","$5.00 (20%)","20","https://www.amazon.ca/dp/B08731BKPL?tag=lesdealsduw02-20&linkCode=osi&th=1&psc=1","https://m.media-amazon.com/images/I/41haDjb13kL._SL500_.jpg","2"
"television","TV & Video","Philips Roku TV 40"" FHD 1080p LED-LCD Smart TV (40PFL6543/F6), Alexa Compatible","$198.00","$50.00 (20%)","20","https://www.amazon.ca/dp/B0D27RV618?tag=lesdealsduw02-20&linkCode=osi&th=1&psc=1","https://m.media-amazon.com/images/I/41ejhTpbUAL._SL500_.jpg","1"
"tennis shoes","Shoes","FitVille Wide Tennis Shoes for Pickleball Men Tennis Court Shoes for Racquet Sport | Arch Support & Wide Toe Box - Amadeus V2 (10.5 Wide, Royal Blue)","$87.98","$22.00 (20%)","20","https://www.amazon.ca/dp/B0C69HWKR9?tag=lesdealsduw02-20&linkCode=osi&th=1&psc=1","https://m.media-amazon.com/images/I/41mCZHOS23L._SL500_.jpg","2"
"toothbrush","Beauty & Health","Colgate Extra Clean Manual Toothbrush - Medium Bristle Tooth Brush for Adults with Circular Power Bristles for Stain Removal and Tongue Cleaner - Comfortable Grip Handle, Variety Pack - 6 Count","$5.97 ($1.00 / count)","$1.52 (20%)","20","https://www.amazon.ca/dp/B00CC6XSRC?tag=lesdealsduw02-20&linkCode=osi&th=1&psc=1","https://m.media-amazon.com/images/I/41OKKVbMN-L._SL500_.jpg","1"
"toys","Toys & Games","Mini Karaoke Machine for Kids Adults, Portable Bluetooth Speaker with 2 Wireless Microphones,Toys Birthday Gifts for Girls Ages 4, 5, 6, 7, 8,9,10,11,12+ Years Old Toddler Teens (Lightpink)","$39.99","$10.00 (20%)","20","https://www.amazon.ca/dp/B0BBKW5G1T?tag=lesdealsduw02-20&linkCode=osi&th=1&psc=1","https://m.media-amazon.com/images/I/51SXsgS5XyL._SL500_.jpg","2"
"travel accessories","Outdoor","Compression Bags - Travel Accessories - 10 Pack Space Saver Bags - No Vacuum or Pump Needed - Vacuum Storage Bags for Travel Essentials - Home Packing-Organizers (Blue)","$23.99 ($68.02 / gram)","$6.00 (20%)","20","https://www.amazon.ca/dp/B09MQJPXPG?tag=lesdealsduw02-20&linkCode=osi&th=1&psc=1","https://m.media-amazon.com/images/I/51gtG-bRlDL._SL500_.jpg","2"
"tumblers","Home","bubba Envy S Tumbler, 24 oz (709 ml), Insulated Stainless Steel Water Bottle with Straw Lid, Lavender Frost","$14.38","$3.61 (20%)","20","https://www.amazon.ca/dp/B0DC1NGHP5?tag=lesdealsduw02-20&linkCode=osi&th=1&psc=1","https://m.media-amazon.com/images/I/31LwG18IMlL._SL500_.jpg","2"
"usb cable","Power & Chargers","etguuds White USB C Cable 3ft, 2-Pack USB to USB C Cable 3A Fast Charging Type C Cable Braided Data Cord for iPhone 16/15 Pro Max Plus, for Samsung Galaxy S25 S24 S23 S22 S21 S20 Note 20, Pixel Moto","$8.79 ($4.40 / count)","$2.20 (20%)","20","https://www.amazon.ca/dp/B0BVLVLGJ2?tag=lesdealsduw02-20&linkCode=osi&th=1&psc=1","https://m.media-amazon.com/images/I/41rhE-gWOkL._SL500_.jpg","1"
"valentine","Events","Preserved Rose Black Forever Roses Real Rose in Glass Dome, Eternal Roses Never Withered Flower Gifts for Female, Valentine's Day, Mother's Day, Birthday, Christmas (6.7 inch)","$38.97","$9.82 (20%)","20","https://www.amazon.ca/dp/B07WN34SSN?tag=lesdealsduw02-20&linkCode=osi&th=1&psc=1","https://m.media-amazon.com/images/I/413JitlozaL._SL500_.jpg","2"
"valentine","Events","Happy Valentine's Day, Mouse!","$9.99","$2.51 (20%)","20","https://www.amazon.ca/dp/0061804320?tag=lesdealsduw02-20&linkCode=osi&th=1&psc=1","https://m.media-amazon.com/images/I/51EyGXJ1lXL._SL500_.jpg","2"
"vacuum bags","Home","BoxLegend Premium Vacuum Storage Bags Thicker Type 8 Pack (2 Jumbo, 2 Large, 2 Medium, 2 Smaller) 80% More Space Saver Bags for Clothes, Blankets, Pillows","$17.59","$4.40 (20%)","20","https://www.amazon.ca/dp/B07VSMMXGD?tag=lesdealsduw02-20&linkCode=osi&th=1&psc=1","https://m.media-amazon.com/images/I/51pSDdihdWL._SL500_.jpg","1"
"video projector","Cameras & Photography","[Electric Focus] Mini Projector with 5G WiFi and Bluetooth, WiMiUS 1080P Portable Projecteur, Outdoor Movie Projector, 300"" Screen, Home Theater Projector Compatible with iOS/Android/TV Stick/HDMI/PS5","$79.99","$20.00 (20%)","20","https://www.amazon.ca/dp/B0C4N6JL6L?tag=lesdealsduw02-20&linkCode=osi&th=1&psc=1","https://m.media-amazon.com/images/I/41R2hc+ZCnL._SL500_.jpg","1"
"washing machine cleaner","Home","NATRUTH Washing Machine Cleaner Descaler 30 Pack Deep Cleaning Washer Cleaner Tablets For HE Front Loader & Top Load Washer","$11.19 ($0.37 / count)","$2.80 (20%)","20","https://www.amazon.ca/dp/B08CMLHPPF?tag=lesdealsduw02-20&linkCode=osi&th=1&psc=1","https://m.media-amazon.com/images/I/51O7zgUfyRL._SL500_.jpg","1"
"water bottle","Home","Opard Sports Water Bottle 20oz/600ml, Leak Proof, Flip Top, BPA Free Tritan Plastic,Bouteille d'eau, Travel, Sports,Gym for Men, Women, Kids","$14.39 ($0.02 / Milliliters)","$3.60 (20%)","20","https://www.amazon.ca/dp/B07RPKTV14?tag=lesdealsduw02-20&linkCode=osi&th=1&psc=1","https://m.media-amazon.com/images/I/41S4D18bZaL._SL500_.jpg","2"
"webcam","Computers & Laptops","Logitech C920x HD Pro Webcam, Full HD 1080p/30fps Video Calling, Clear Stereo Audio, HD Light Correction, Works with Skype, Zoom, FaceTime, Hangouts, PC/Mac/Laptop/Macbook/Tablet - Black","$79.99","$20.00 (20%)","20","https://www.amazon.ca/dp/B085TFF7M1?tag=lesdealsduw02-20&linkCode=osi&th=1&psc=1","https://m.media-amazon.com/images/I/31UjVjrQ4vL._SL500_.jpg","1"
"wifi","Networking & Connectivity","TP-Link USB WiFi Adapter for Desktop PC (Archer T3U Plus) - AC1300Mbps USB 3.0 WiFi Dual Band Network Adapter with 2.4GHz/5GHz High Gain Antenna, MU-MIMO, Windows 11/10/8.1/8/7/XP, Mac OS 10.9-10.15","$19.99","$5.00 (20%)","20","https://www.amazon.ca/dp/B08D72GSMS?tag=lesdealsduw02-20&linkCode=osi&th=1&psc=1","https://m.media-amazon.com/images/I/21kFWSGjPSL._SL500_.jpg","1"
"wireless earbuds","Audio","Soundcore by Anker Life P2 Mini True Wireless Earbuds, 10mm Drivers with Big Bass, Custom EQ, Bluetooth 5.2, 32H Playtime, USB-C for Fast Charging, Tiny Size for Commute, Work (Navy Blue)","$39.99","$10.00 (20%)","20","https://www.amazon.ca/dp/B09BVC4J2R?tag=lesdealsduw02-20&linkCode=osi&th=1&psc=1","https://m.media-amazon.com/images/I/31z0PSaM+CL._SL500_.jpg","2"
"women pants","Womens clothing","Willit 31"" Women's Dress Pants Business Work Bootcut Pants Stretch Office Casual Slacks 4 Pockets Black XL","$39.19","$9.80 (20%)","20","https://www.amazon.ca/dp/B09VSYW9FC?tag=lesdealsduw02-20&linkCode=osi&th=1&psc=1","https://m.media-amazon.com/images/I/31z5FtJ9-eL._SL500_.jpg","2"
"women pants","Womens clothing","G4Free Wide Leg Pants for Women Yoga Dress Pants with Pockets High Waist Work Business Casual Sweatpants Black","$37.59","$9.40 (20%)","20","https://www.amazon.ca/dp/B0C7Z7J3FZ?tag=lesdealsduw02-20&linkCode=osi&th=1&psc=1","https://m.media-amazon.com/images/I/31vW-MVr6SL._SL500_.jpg","2"
"womens dresses","Womens clothing","ADOREJOY Women Summer Dress Sleeveless Casual Swing Loose Tank Beach Sundress with Pocket (White Floral Black, M)","$19.98","$5.01 (20%)","20","https://www.amazon.ca/dp/B0CSK28FPS?tag=lesdealsduw02-20&linkCode=osi&th=1&psc=1","https://m.media-amazon.com/images/I/51OiMhB5Y2L._SL500_.jpg","2"
"workout clothes","Sports & Fitness","Sunzel 10"" / 8"" / 5"" / 3"" Biker Shorts for Women with Pockets, High Waisted Yoga Workout Shorts","$23.99","$6.00 (20%)","20","https://www.amazon.ca/dp/B09KNH2FNH?tag=lesdealsduw02-20&linkCode=osi&th=1&psc=1","https://m.media-amazon.com/images/I/21IuddHWbJL._SL500_.jpg","2"
"workout equipment","Sports & Fitness","Sunny Health & Fitness Row-N-Ride Squat Assist Trainer, Foldable & Easy Setup Exercise Equipment w/Adjustable Resistance, Home Gym Training Machine for Arm, Glute & Leg Workout, Optional in Colors","$118.73","$29.25 (20%)","20","https://www.amazon.ca/dp/B074B3B22G?tag=lesdealsduw02-20&linkCode=osi&th=1&psc=1","https://m.media-amazon.com/images/I/41kV-+oBtuL._SL500_.jpg","2"
"yoga clothes","Sports & Fitness","G4Free Women's UPF 50+ UV Shirts Long Sleeve Workout Sun Shirt Outdoor Gym Hiking Tops Quick Dry Lightweight White","$27.99","$7.00 (20%)","20","https://www.amazon.ca/dp/B09GVRHW82?tag=lesdealsduw02-20&linkCode=osi&th=1&psc=1","https://m.media-amazon.com/images/I/31G-hzi++yL._SL500_.jpg","1"
"yoga towel","Sports & Fitness","Acteon Microfiber Quick Dry Gym Towel, Silver ION Odor-Free Mega Absorbent Fiber Fast Drying Men Women Workout Gear for Body Sweat, Beach, Camping, Working Out Travel Towels","$32.99","$8.19 (20%)","20","https://www.amazon.ca/dp/B081TQB6BC?tag=lesdealsduw02-20&linkCode=osi&th=1&psc=1","https://m.media-amazon.com/images/I/51Azut-3GeL._SL500_.jpg","2"